1890 2970
104 128 154 184 274
218 120 378 172 momsn
393 118 739 172 HALICARNASSENSIS

103 228 204 300 ταύτην
213 229 345 303 γινόμενα
357 229 438 296 πάθη
450 219 610 302 θεατρικαῖς
620 227 728 281 ἐοικότα
745 246 862 300 περιπε.

103 317 185 377 τείαις
195 336 233 386 μη
224 312 514 385 ρἀθύμονςδιελθεῖν,
536 311 702 411 πειράσομαι
726 309 772 365 καί
798 310 862 383 περί

102 398 221 454 τούτων
231 400 364 463 ἑκάστων,
391 395 425 459 ῶς
423 398 493 478 ἐμῆ
512 396 634 468 δύναμις,
655 392 746 452 εἶπεῖν
769 395 864 464 έπειδῆ

104 486 158 559 γάρ
170 504 185 539 ο
176 468 321 555 ’χρόνος
304 503 366 550 ηκεν
378 479 433 534 ἐν’
417 504 438 553 ῳ
450 485 523 544 τέλος
535 480 587 536 ἔδει
599 481 739 552 λαβεῖν
707 501 755 544 τας
765 479 865 553 όμολο·

105 569 173 641 γίας,
200 563 308 640 ε’ξῆεσαν
325 567 374 637 μέν
393 565 422 619 αἱ
437 567 491 619 ’τῶν
507 562 781 669 Ῥωμαίωνδυνάμεις
793 587 862 621 παν·

106 652 229 726 στρατιᾷ,
255 648 364 724 ἐξῄεσαν
385 651 415 704 δέ
432 651 499 722 μετά
519 645 601 706 ταύθ
617 648 793 705 οίνεανίσκοι
806 655 862 713 τοῖς

105 732 240 808 πατρῴοις
251 739 331 797 θεοῖς
344 730 489 805 εὐξάμενοι,
503 735 549 789 καί
562 738 683 807 προῆγον
696 729 755 804 άμα
768 734 804 807 τῶ
810 735 862 805 βα·

105 826 179 885 σιλεῖ,
206 818 457 890 κατευφημούμενοί
479 840 508 873 τε
521 818 574 874 ύνιό
600 822 701 884 παντός
720 821 771 873 τού
791 823 861 875 κατά

104 907 153 973 τῆν
177 906 256 960 πόλιν
273 899 362 972 όχλου,
389 903 436 957 καί
448 905 612 974 παττόμενοι
625 907 672 967 τάς
684 904 803 973 κεφαλάς
814 899 861 960 άν-

104 993 198 1046 θτσιν·
224 984 276 1057 ῆδη
296 989 325 1042 δέ
345 989 390 1043 καί
403 992 455 1042 τῶν
466 983 597 1059 Ἀλβανῶν
610 988 762 1056 ἐξεληλύθει
774 1002 860 1062 στρα-

105 1076 158 1128 τιά.
182 1072 238 1128 ἐπεὶ
252 1073 280 1128 δέ
293 1072 620 1145 κατεστρατοπεδεύσαντο
639 1075 754 1149 πλησίον
780 1070 859 1141 άλλῆ-
887 1136 894 1151 1

105 1163 166 1223 λων,
192 1161 348 1229 μεταίχμιον
374 1158 552 1226 ποιησάμενοι
577 1160 624 1214 τόν
646 1158 841 1231 διείργονια“
810 1178 860 1225 την

102 1241 237 1313 Ῥωμαίων
250 1241 351 1298 dna·
320 1263 366 1309 της
376 1238 539 1345 Ἀλβανῶν
524 1264 596 1314 ορον,
613 1242 683 1299 ἔνθα
696 1240 743 1296 καί
761 1244 860 1314 πρότε-

106 1349 153 1397 ρον
166 1321 237 1393 εἶχον
252 1329 371 1400 ἑκάτεροι
384 1327 446 1390 τούς
456 1327 585 1399 χάρακας
609 1330 715 1401 πρῶτον
733 1325 813 1396 μέν’
802 1329 860 1401 ιιρά

44 1426 48 1435 “
105 1407 276 1512 θ’ύσαντες”
254 1409 419 1480 ωμοσανέπί
438 1413 490 1465 τῶν
515 1412 647 1485 ἐμπύρων,
672 1414 785 1486 στέρξειν
809 1411 860 1479 τῆν

105 1495 186 1563 τύχην
198 1491 231 1561 ῆν
246 1515 279 1549 αν
292 1498 320 1549 ἐν
334 1500 378 1562 τῆς
390 1497 474 1564 μάχης
487 1498 538 1550 τῶν
552 1495 669 1568 άνεψιῶν
682 1496 793 1567 ἑκατέρα
805 1498 860 1550 πό-

105 1583 143 1643 λις
163 1583 331 1652 ἐξενέγκηται,
349 1579 395 1632 καὶ
409 1582 533 1649 φυλάξειν
548 1583 594 1642 τάς
608 1581 753 1653 ὁμολογίας
765 1582 859 1650 βεβαί-

106 1685 161 1730 ους,
174 1664 276 1734 μηδένα
299 1664 479 1735 προσάγοντες
499 1661 594 1726 αὐταῖς
622 1666 702 1720 δόλον
728 1661 808 1719 αὐτοί
831 1686 860 1720 τε

104 1750 150 1802 καὶ
162 1751 236 1817 γένος
249 1749 279 1801 τὸ
292 1751 319 1808 έξ
331 1743 426 1802 αύτῶν.
454 1747 511 1801 ἐπεὶ
532 1748 560 1804 δέ
574 1752 608 1804 τά
622 1752 689 1823 πρὸς
702 1749 763 1810 τούς
775 1750 861 1811 θεούς

106 1833 278 1903 διεπράξαντο
292 1827 364 1894 ὅσια,
378 1834 490 1902 θέμενοι
501 1835 536 1887 τά
550 1828 622 1889 ὅπλα
633 1836 753 1906 προῆγον
766 1836 795 1887 ίκ
809 1836 860 1889 τοῦ

102 1917 220 1988 χάρακος
247 1911 396 1990 άμφότεροι
422 1916 521 1971 θεαταὶ
547 1922 592 1985 τῆς
616 1921 702 1990 μάχης
726 1919 858 1988 ἐσόμενοι,

105 2001 184 2071 τριῶν
196 1995 213 2064 ἢ
227 1999 358 2069 τεττάρων
372 2001 487 2055 σταδίων
507 2003 539 2055 τύ
558 2005 655 2074 μεταξύ
678 2002 777 2077 χωρίον
801 2004 860 2065 τοῖς

105 2082 310 2159 άγωνισομένοις
324 2087 520 2148 καταλιπόντες·
540 2087 586 2141 καί
596 2082 694 2158 μετόύ
708 2087 776 2142 πολύ
790 2107 860 2160 παρ-

105 2174 137 2238 ῆν
163 2169 225 2230 τούς
252 2171 405 2242 Κορατίους
430 2169 446 2224 ό
471 2173 523 2226 τῶν
550 2166 681 2241 Ἀλβανῶν
711 2173 860 2242 στρατηγός

104 2250 186 2326 άγων,
205 2252 252 2308 καὶ
265 2254 326 2316 τούς
336 2249 476 2326 Ὁρατίους
489 2255 505 2309 δ
518 2257 570 2309 τῶν
579 2251 714 2326 Ῥωμαίων
726 2256 861 2327 βασιλεύς,

105 2337 285 2408 ὡπλισμένους
298 2359 326 2391 τε
339 2341 466 2393 κάλλιστα
479 2338 579 2393 καίτόν
586 2335 667 2394 άλλον
675 2339 783 2407 ἔχοντας
789 2341 859 2396 κόσ-

104 2444 154 2493 μον
179 2416 238 2477 οἷον
258 2419 401 2496 ἄνθρωποι
414 2424 599 2494 λαμβάνουσιν
613 2422 657 2479 ἐπί
670 2425 792 2497 θανάτῳ.
811 2446 861 2495 γε-

104 2505 210 2575 νόμενοι
224 2506 252 2560 δέ
265 2505 391 2579 σύνεγγυς
405 2503 531 2574 άλλῆλων,
539 2511 572 2562 τά
577 2509 626 2580 μέν
639 2512 701 2578 ξίφη
714 2511 770 2569 τοῖς
784 2506 861 2564 διτα-

104 2590 228 2651 σπισιαῖς
240 2590 405 2663 παρέδωκαν,
425 2591 640 2665 προσδραμόντες
660 2593 688 2648 δέ
700 2593 862 2665 περιέβαλον
