1890 2970
139 108 173 169 74
260 105 419 159 DIONYSII
434 104 778 158 HALIGARNASSENSIS

141 213 277 288 διέφθειρε
291 213 322 268 τό
334 213 477 290 κράτιστον
492 214 537 283 τῆς
549 213 648 285 βουλῆς
659 215 746 286 μέρος,
759 213 894 278 θανάτοις

139 296 225 354 τεκαὶ
244 294 411 370 ἀειφυγίαις,
436 297 528 370 ἑτέραν
540 298 643 368 βουλὴν
657 292 738 362 οὗτός
762 297 893 366 κατεστή-

139 402 213 449 σατο,
228 380 394 457 παραγαγὼν
407 377 442 445 εἷς
454 381 499 445 τάς
512 383 563 436 τῶν
575 383 734 438 ἐκλιπόντων
741 383 818 453 τιμάς
830 381 892 446 τούς

139 463 362 541 ίδίουςέταίρους.
381 464 427 521 καὶ
440 460 504 520 οὐδέ
529 465 633 531 τούτοις
656 468 748 536 μέντοι
765 468 821 528 τοῖς
840 462 892 521 άν-

139 550 233 624 δράσιν
258 546 320 606 οὔτε
332 549 458 622 πράττειν
470 548 608 620 ἐπέτρεπεν
621 544 708 617 οὐδέν,
724 544 786 605 σι’ίτε
798 550 890 624 λέγειν,

139 630 154 690 ὅ
168 657 194 690 τι
206 636 243 708 μὴ
256 632 399 689 κελεύσειεν
412 628 501 697 αότός.
516 626 581 688 ὥστε
594 633 692 689 ὁπόσοι
710 635 894 705 κατελείφθη-

139 740 189 776 σαν
201 723 229 775 έν
246 717 283 790 τηί
296 714 422 790 συνεδρίῳ
435 716 580 788 βουλευταί
593 720 644 773 τῶν
656 717 701 774 έπὶ
718 719 833 773 Τυλλίου
847 738 894 773 κα·

138 804 303 876 ταλεγένεων,
330 799 456 876 διάφοροι
469 803 526 864 τοῖς
551 799 703 873 δημοτικοῖς
728 803 789 867 κε’ως
811 799 893 867 ὄντες,

138 885 244 955 κοίτην
258 885 409 956 μεταβολήν
427 888 472 955 τῆς
496 885 631 950 πολιτείας
656 884 700 943 ε’ντί
718 885 755 958 τηί
778 887 894 959 σφετέρῳ

138 970 288 1042 νομίζοντες
299 966 582 1042 άγαθηίγενήσεσθαι·
596 970 722 1034 τοιαύτας
735 972 787 1045 γάρ
801 966 895 1034 αὐτοῖς

139 1052 271 1110 ὑπέτεινεν
290 1052 307 1108 δ
324 1049 471 1128 Ταρκύνιος
496 1055 544 1116 τάς
572 1052 729 1123 ὑποσχέσεις,
757 1056 895 1120 ἐξαπατῶν

138 1136 183 1193 καί
196 1136 355 1207 φενακίζων·
365 1138 426 1192 τότε
437 1137 572 1208 μαθόντες
591 1133 632 1193 ὅτι
645 1141 801 1196 τῶνιιοινιίιν
815 1134 895 1195 οὐδέν

138 1220 174 1277 έτι
188 1224 317 1293 μετεῖχον,
342 1215 559 1277 άλλάκαὶαῦτοὶ
584 1223 631 1290 τὴν
656 1223 809 1297 παρρησίαν
834 1220 895 1296 άμα

138 1309 194 1370 τοῖς
207 1304 358 1379 δημοτικοῖς
371 1302 557 1381 άφηρέθησαν,
572 1301 706 1379 ὠδύροντο
719 1308 776 1380 μέν,
800 1306 845 1363 καί
860 1308 894 1362 τά

138 1390 266 1463 μέλλοντα
275 1392 327 1445 τῶν
340 1392 480 1463 παρόντων
494 1387 626 1466 δεινότερα
641 1389 803 1456 ὑπώπτευον,
818 1393 894 1465 στέρ-

138 1495 194 1549 γειν
208 1474 236 1530 δέ
249 1475 282 1529 τά
296 1475 416 1550 παρόντα
429 1469 617 1546 ἠναγκάζοντο,
632 1471 746 1548 δύναμιν
759 1469 808 1532 οδκ
821 1474 894 1545 έχον-

138 1580 177 1623 τες
190 1555 298 1614 κωλύειν
312 1559 345 1612 τά
364 1557 541 1631 πραττόμενα.

201 1640 308 1699 XLIII.
337 1645 429 1697 Ταῖιτα
444 1641 471 1696 δὲ
485 1641 628 1715 ὁρῶντεςοί
639 1640 784 1715 δημοτικοί,
800 1643 893 1699 δίκαια

139 1729 249 1797 πάσχειν
263 1722 360 1793 αὐτοὺς
384 1724 579 1796 ὑπελάμβανον,
607 1727 652 1782 καὶ
677 1727 856 1801 ἐπέγαιρον“
843 1723 890 1783 vrt'

137 1806 305 1879 εὐηθείας,
287 1832 320 1874 ως
333 1811 442 1871 έκείνοις
450 1812 586 1881 μόνοις
555 1832 600 1880 της
613 1811 767 1911 τυραννίδος
778 1813 892 1884 βαρείας

136 1896 268 1966 ἐσομένης,
288 1894 363 1963 σφίσι
376 1887 447 1948 δ’
412 1897 503 1957 αυτοῖς
516 1883 708 1950 άκινδόνου.
691 1916 738 1964 ηκε
757 1891 836 1950 δέ’
801 1897 892 1969 κᾳκεί-

137 1972 238 2040 νοιςοιί
262 1996 329 2050 μετα
321 1977 427 2035 πολυν
439 1977 576 2051 χρόνον
562 2000 599 2033 su
625 1979 751 2034 πλείωτά
774 1983 892 2049 χαλεπά.

136 2056 197 2122 τούς
209 2081 236 2116 τε
250 2063 303 2135 γάρ
329 2062 425 2133 νόμους
448 2061 510 2125 τούς
523 2059 576 2118 ὖτιό
593 2065 707 2118 Τυλλίου
731 2066 891 2137 γραφέντας,

136 2139 200 2200 καθ’
215 2138 262 2209 οὓς
273 2148 300 2210 ἐξ
312 2146 374 2200 ἴσου
388 2146 420 2201 τά
434 2145 523 2201 δίκαια
531 2141 718 2220 παρ’άλλὴλων
730 2149 891 2220 ἐλάμβανον,

134 2250 185 2285 και
171 2223 272 2285 οδδέν
285 2227 382 2284 find·
349 2250 399 2287 των
413 2229 566 2302 πατρικίων,
590 2229 623 2296 ὡς
636 2232 779 2305 πρότερον,
806 2233 893 2304 εβλά-

133 2334 232 2371 πταντο
247 2312 308 2388 περὶ
320 2333 353 2370 τα
346 2314 526 2413 συμβόλαια,
541 2314 642 2379 πάντας
655 2312 753 2371 ἀνεῖλε
767 2337 813 2371 και
804 2311 895 2373 οὐδὲ

133 2398 179 2462 τάς
202 2398 353 2462 σανίδας,’
340 2419 368 2454 εν
386 2384 460 2460 αίς
445 2418 513 2466 ηοαν
530 2400 714 2474 γεγραμμένοι,
735 2403 891 2458 κατέλιπεν·

134 2477 200 2537 άλλά
214 2503 258 2538 και
271 2477 371 2548 ταύτας
392 2479 569 2555 άιαιρεθῆναι
583 2484 729 2547 πλεύσας’
716 2505 745 2539 εκ
758 2506 803 2555 της
822 2482 880 2556 άγο

127 2565 185 2638 ράς,
201 2563 391 2644 διέφθειρεν.
377 2586 466 2624 επειτα
478 2570 602 2625 κατέλυσε
614 2569 660 2634 τάς
673 2564 729 2624 άπό
744 2571 794 2624 τῶν
807 2589 872 2641 τιμη
