1890 2970
132 135 182 190 34»
268 121 428 174 οιοαιιεα
445 115 813 169 αιτιοιιιιικεεεικεισ

132 236 244 309 γεῖσθαι
256 229 349 298 κοινὴν
361 220 539 300 ιίπολογίαν“
527 243 594 298 υπερ
608 220 747 279 ἁπάντων
769 225 824 279 τῶν
842 223 902 323 νίυν4

135 318 169 382 ὡς
194 312 256 372 οίιε
278 311 428 386 φιλονεικίᾳ
453 328 485 385 τη
474 307 572 385 πρὸς
598 308 667 372 τούς
698 311 831 384 πατέρας.
857 327 896 362 ⁰¹³¹

136 397 276 473 αὐθαδείᾳ
288 398 463 472 νρησαμίνων,
478 388 520 448 ὅτι
535 391 584 460 τήν
597 391 764 449 ἐναντίαν*
747 413 831 462 εσχον
843 388 903 447 ίν
879 412 932 499 ιγ

137 487 254 558 προτέρᾳ
266 480 354 555 βουλῆ
367 479 539 554 προαίρεσιν4
563 469 631 548 όλλ’4
660 479 740 552 εἴπερ
760 497 818 552 αμα
832 462 932 550 ἦμάρ·-

137 590 226 634 τανοι,
243 564 349 633 δαίτην
362 560 467 634 ἡλικίαν
478 561 568 635 γνώμη
582 561 763 630 σφαλέντων,
788 562 931 617 ττλευκιῖτ

138 653 187 725 ἔφη
215 653 244 706 τό
271 650 367 703 πιστόν
392 645 491 702 τούτου
517 647 638 718 παρέξειν
665 646 719 713 τῂν
745 645 902 718 μεταβολήν.

140 735 285 809 συγχωρεῖν
296 733 365 805 γούν
378 726 479 797 αύτοῖς,
494 727 527 792 ὧς
540 723 652 799 ἄμεινον
666 731 839 802 φρονοῦσιν,
851 732 934 793 ἐπι-,-

140 819 308 890 ψηφίζεσθαι
321 816 379 870 πιῖν
392 813 408 871 ό
421 837 447 871 τι
460 835 493 871 αν
506 809 624 884 ἡγῶνται
641 813 682 886 τῷ
705 813 793 887 κοινῷ
811 815 899 885 συμφί·

140 925 202 976 ριιν,
218 901 251 966 ὡς
264 895 342 956 ούδέν
354 902 429 972 σφῶν
440 919 471 973 γε
483 896 550 972 πρδς
563 899 648 952 ταῦτα
661 867 897 971 ίναντιωσομίνντ,

142 986 206 1043 τίλλοὶ
221 986 384 1090 ρεισομίνων
397 985 454 1047 τοῖς
472 980 672 1084 πρεσβυτέροις.
695 977 787 1055 ὅμοια
803 981 833 1038 δὲ
851 980 898 1036 τού·

142 1093 175 1144 τῳ
189 1070 233 1124 καί
246 1071 298 1122 τῶν
309 1061 396 1122 σίλλων
409 1068 473 1121 νέων
486 1063 714 1138 ἀποφηναμένων,
723 1069 805 1128 ἐκτός
817 1062 898 1139 όλίγιιτ

142 1155 219 1208 τινοῖν
237 1151 325 1215 πάνυ,
351 1150 403 1205 τῶν
421 1144 533 1205 Ἀππίου
546 1150 699 1221 συγγενῶν,
720 1153 940 1212 ἐπαινέσαντες

141 1258 187 1306 τιγν
201 1229 395 1305 εὐκοσμίαν
359 1235 447 1290 αυτῶν
467 1232 494 1290 οῖ
507 1230 617 1300 ὕπατοι,
635 1233 683 1289 καί
698 1237 940 1313 παρακαλέσαν·

141 1343 180 1384 τες
193 1317 228 1384 εἰς
243 1319 333 1374 πάντα
346 1318 380 1373 τό
393 1318 471 1374 κοινοῖ
490 1316 630 1383 τοιούτους
643 1310 726 1385 εἶναι,
741 1318 940 1396 πρισβευτίς

143 1406 244 1462 εἵλοντο
265 1403 328 1460 δῖνα
348 1402 411 1467 τούς
432 1402 658 1475 ἐπιφανεστάτους
677 1404 734 1458 τῶν
753 1403 899 1478 πρεσβυτί-

143 1512 204 1566 ρων,
224 1482 409 1552 ίντδςὲνδς”
390 1484 680 1552 απανταςύττατικούς.
703 1482 786 1543 οἶδ’
800 1484 900 1544 οῖποδεν

143 1578 248 1644 γθὲντες
260 1559 328 1641 ἦσαν
341 1571 411 1627 οίδε·
429 1567 572 1644 ἰγρίππας
585 1571 719 1636 Μενίνιος
732 1570 828 1628 Γαῖον
841 1570 900 1635 υῖδς4

143 1662 266 1720 Πόπλιος
290 1654 445 1729 Σερουίλιος
468 1655 596 1710 Ποπλίου
621 1653 694 1726 υἱός,
730 1657 901 1729 Ποστούμιος

142 1742 262 1798 Κοίντου
282 1739 325 1796 υιδ
328 1762 341 1804 ς
361 1739 524 1812 Τούβερτος,
549 1742 627 1803 Ίῖτος
649 1737 806 1811 Αἰβούτιος
828 1743 900 1796 Τίτου

142 1827 200 1888 υἱός
218 1823 363 1889 Φλαούϊος,
382 1826 494 1899 Σέρβιος
513 1825 678 1888 Σουλπίκιος
696 1827 833 1881 Ποπλίου
852 1823 901 1886 υἱός

141 1912 303 2008 Καμιρῖνος,
323 1897 410 1974 Αύλος
423 1904 597 1979 Ποστούμιος
609 1907 741 1963 Ποπλίου
761 1908 825 1974 υἱός
838 1911 901 1964 Βόλ·

141 1995 197 2063 βος,
213 1981 300 2054 Αύλος
316 1986 469 2067 Ούεργίνιος
482 1985 574 2047 Αύλου
588 1989 645 2054 υῖδς
655 1990 701 2047 καί
712 1995 901 2095 Νωμεντανός.

141 2079 206 2150 μετοῖ
219 2096 304 2131 ταυτα
318 2079 363 2145 τῆς
373 2078 471 2149 βουλῆς
486 2075 666 2143 διαλυθείσης,
693 2074 723 2131 οῖ
741 2079 793 2149 μίν
807 2073 900 2134 ὕπατοι

142 2161 319 2230 προελθόντες
332 2158 367 2225 εἷς
380 2162 428 2230 τὴν
440 2160 593 2229 ἐκκλησίαν,
612 2161 642 2214 ιδ
657 2159 749 2232 δόγμα
773 2163 824 2231 τῆς
840 2163 899 2235 βου·

142 2246 185 2311 λῆς
199 2241 367 2316 οῖνὲγνοισαν,
395 2243 440 2298 καί
467 2242 528 2306 τούς
547 2244 712 2320 πρεσβευτός
733 2246 898 2320 προήγαγον.

142 2326 268 2383 ἁπάντων
280 2324 459 2392 δὀῖξιούντων
478 2328 523 2391 τιῖς
535 2329 643 2392 ίντολοίς
648 2368 657 2394 4
677 2322 710 2392 ός
728 2326 836 2386 ἔδωκαν
854 2323 898 2386 αύ·

143 2415 202 2476 τοῖς,
216 2414 326 2483 μαθεῖν,
341 2406 417 2467 εἶπον
443 2415 470 2466 ἐν
498 2411 533 2484 τῷ
557 2410 672 2487 φανερῷ»
696 2413 829 2488 πράττειν
853 2409 899 2484 ὅτῳ

141 2491 174 2546 νῖν
200 2497 287 2569 τρόπῳ
309 2494 441 2551 δύνωνται
470 2494 561 2566 φιλίαν
580 2495 615 2566 τῷ
634 2495 709 2570 δόμῳ
742 2500 898 2554 συνθέσθαι

140 2577 205 2653 πρός
226 2579 286 2644 τούς
311 2580 484 2656 πατρικίοις,
509 2574 571 2652 ότερ
603 2578 685 2636 δόλου
708 2581 755 2637 καῖ
783 2579 896 2649 οῖποίιης,

935 1194 940 1283 ί
