1890 2970
150 114 185 173 34
285 113 444 165 DIONYSII
460 111 800 164 HALICARNASSENSIS

151 220 179 276 δὲ
192 217 219 274 οῖ
231 219 280 290 μίν
287 221 449 295 χειροτέχναι
461 222 517 283 τοῖς
526 219 557 274 τό
565 216 688 296 ιλετῖτερον
695 216 784 288 ἔχουσι
797 221 913 294 τίμημα,

151 305 305 380 διῃρημένοι
318 299 384 360 καθ’
398 300 511 374 ἡλικίαν,
531 302 547 358 o‘
564 303 612 375 μὲν
630 305 687 366 τοῖς
704 303 910 378 πρεσβυτέροις,

150 388 206 445 όόὲ
219 392 276 452 τοῖς
283 391 413 464 νεωτέροις
420 385 580 443 άκολουθῶν
587 389 668 456 λόχος.
685 383 711 442 οί
724 385 752 441 δὲ
763 390 912 446 σαλπισταί

150 493 178 528 τε
191 471 237 528 καί
249 471 277 528 σί
288 470 451 545 βυκανισταὶ
463 471 497 546 τῇ
503 473 611 546 τετάρτῃ
619 470 806 527 συνετάττοντο
812 472 907 548 μοίρρι.

149 547 183 626 ίχν
203 556 231 612 δὲ
249 555 295 612 καί
313 555 414 612 τρίτων
431 548 467 621 εἷς
482 555 532 628 μὲν
550 557 601 610 τῶν
619 556 802 629 πρεσβυτέραν
819 559 906 626 λόχος,

151 635 186 706 εἷς
200 640 228 697 (λε’
241 642 292 696 τῶν
297 641 435 716 νεωτέρων·
449 638 558 712 λοχαγοί
566 634 591 692 ό’
602 642 630 695 ἐκ
637 641 744 695 πάντων
750 643 902 711 ἐπιλεχθὲν·

151 746 191 789 τες
204 722 231 779 σῖ
240 726 424 796 γενναιότατοι
432 724 466 778 τά
478 725 622 796 πολεμικά·
636 724 698 789 τούς
712 718 734 778 δ’
747 721 833 789 ίόίους
845 722 907 780 λ’κα-

151 828 210 865 στοι
223 810 316 876 λόχους
329 804 463 873 εὐπειθεῖς
478 812 532 873 τοῖς
544 810 802 884 παραγγελλομένοις
813 809 906 883 παρεί-

149 912 238 964 χοντα.

203 970 323 1036 ΙΧλῙΠίο
345 970 677 1049 Λῶτημίνῆόιακόσμησις
690 962 722 1040 ἦν
734 970 750 1045 ἦ
764 977 795 1031 τό
802 977 906 1042 πεζικόν

151 1061 317 1134 ἐκπληροῦσα
330 1062 381 1117 τῶν
395 1060 651 1137 τεφαλαγγιτῶνκαί
665 1061 716 1115 τῶν
729 1061 811 1132 ψιλῶν
824 1060 904 1134 οτρά·

150 1162 244 1218 τευμα·
265 1143 296 1199 τό
314 1144 342 1201 δὲ
360 1145 410 1200 τῶν
429 1143 530 1202 ἱππίων
547 1147 653 1213 πλῆθος
671 1146 785 1205 ἐπίλεξιν
801 1147 830 1200 ἐκ
851 1145 903 1199 τῶν

152 1231 262 1297 ἐχόντων
273 1231 303 1285 τό
314 1231 439 1302 με’γιοτοτ
459 1231 561 1302 τίμημα
578 1228 623 1285 καί
635 1230 704 1284 κατά
721 1229 795 1302 γένος
807 1231 904 1299 ἐπιφα-

151 1314 218 1369 νῶν·
232 1311 391 1382 συνίταξεόί
410 1311 445 1378 εἷς
458 1310 636 1369 ὀκτωκαίδεκα
647 1313 748 1385 λόχους,
765 1311 905 1385 καίπροσ«

150 1400 250 1469 ε’νειμεν
276 1392 375 1462 αιῖτοός
399 1401 455 1462 τοῖς
472 1395 585 1472 πράτοις
604 1396 654 1451 τῶν
673 1398 844 1470 φαλαγγιτῶν
858 1391 904 1469 όγ-

152 1481 283 1551 ίοήκαντα
295 1483 389 1552 λόχοις.
415 1476 486 1551 εἶχον
505 1479 533 1536 os
549 1479 593 1536 καί
612 1468 690 1536 οὗτοι
702 1482 764 1545 τοὺς
779 1485 905 1552 ἐπιφανε·

152 1567 264 1630 στάτους
276 1565 414 1641 λοχαγοός.
435 1565 497 1630 τούς
516 1563 545 1620 όί
557 1565 668 1628 λοιποὺς
685 1567 801 1632 πολίτας,
821 1562 849 1619 σῖ
866 1565 906 1618 τί·

150 1669 233 1725 μασιν
251 1643 322 1720 εἶχον
345 1649 472 1705 ἐλάττονα
495 1646 596 1704 δώδεκα
621 1647 667 1704 καί
688 1645 801 1722 ἡμίσους
821 1649 903 1720 μνῶν,

150 1735 256 1797 πλείους
276 1731 387 1808 άριθμρῖ
404 1727 482 1797 ὄντας
498 1733 550 1788 τῶν
567 1734 711 1807 πρότερον,
731 1729 853 1798 ἅπαντας
868 1730 906 1796 εἷς

151 1816 197 1873 ἕνα
210 1819 339 1880 συντάξας
351 1817 438 1884 λόχον,
453 1816 592 1892 στρατείας
605 1838 632 1872 τε
647 1815 768 1883 άπέλυσε,
791 1816 838 1872 καί
850 1817 904 1872 πά-

150 1920 197 1969 σης
210 1898 340 1974 εἷσφορῖις
352 1900 476 1970 ἐποίησεν
493 1898 598 1967 άτελεῖς.
618 1901 737 1976 ἐγίνοντο
752 1900 780 1957 ιλί
798 1919 906 1973 συμμο-

150 1985 206 2056 ρίαι
216 1985 266 2054 μὲν
277 1980 311 2050 ἓξ,
325 1978 357 2049 άς
370 1983 625 2056 καλοῖσιῬοιμαῖοι
643 1987 755 2052 κλάσεις,
776 1986 845 2040 κατά
857 1987 906 2051 τάς

147 2061 298 2138 Ἑλληνικάς
311 2071 457 2141 ἐπικλήσεις
473 2070 717 2144 παρονομάσαντες.
736 2065 752 2125 ό
764 2071 817 2143 γάρ
829 2064 905 2140 ἡμεῖς

149 2155 221 2226 ῥῆμα
235 2157 432 2227 προστακτικῶς
442 2155 641 2225 σχηματίζοντες
653 2157 805 2231 ἐκφέρομεν,
820 2150 904 2222 κάλει,

149 2233 223 2293 τοῦτ’
236 2240 331 2295 ἐκεῖνοι
342 2240 449 2313 λέγουσι
459 2241 536 2295 κάλα.
551 2236 595 2294 καί
609 2239 654 2303 τάς
660 2242 777 2303 καλέσεις
790 2236 904 2314 άρχαῖον

146 2323 259 2378 ἐκάλουν
270 2323 380 2388 κλάσεις.
395 2324 468 2394 λόχοι
487 2321 524 2389 δὲ,
548 2317 595 2387 οῖς
608 2321 638 2377 αῖ
656 2325 803 2396 συμμορίαι
816 2343 904 2394 περιε·

147 2407 301 2479 λάμβανον,
320 2407 414 2463 ἑκατόν
432 2406 478 2462 καί
496 2409 742 2478 ίννενηκοντατρεῖς.
756 2407 859 2473 ἐπεῖχον
874 2407 903 2462 bs*

146 2492 194 2558 τήν
213 2491 260 2563 μίν
280 2491 384 2564 πρώτην
406 2490 560 2564 συμμορίαν
579 2486 647 2544 ὄκτώ
665 2486 711 2544 καί
729 2489 901 2556 ἐννενήκοντα

136 2576 214 2646 λάχοι
227 2575 278 2636 σίν
293 2578 349 2639 τοῖς
362 2573 481 2635 ίππεῖοι·
500 2576 547 2644 τὴν
564 2573 592 2630 δὲ
605 2571 738 2648 δευτέραν,
758 2575 841 2629 εἴκοσι
854 2577 901 2632 καί
