1890 2970
805 39 939 50 *—

186 102 471 173 Αστιρυττεττα
487 107 624 162 Rom.
641 78 734 167 οισι.
775 126 850 197 87

75 202 148 271 είναί
159 231 232 284 φασι
243 205 386 281 τοῦνομα·
398 207 433 277 είς
447 208 471 267 δ’
485 207 562 270 άλλοι
576 217 643 282 τινές
655 221 707 275 τῶν
717 216 848 294 Ἑλλήνων

72 298 272 374 μυθογράφων
283 295 378 363 ἔλεξαν,
393 292 495 353 άπό
463 320 511 367 της
527 294 668 359 Ἀνίουτού
682 307 776 375 Δήλου
788 311 843 381 βα-

72 385 165 447 τελέαις
181 383 330 458 θυγατρός,
343 380 459 446 Λαύνας
477 382 523 438 καί
543 384 619 453 τῆςδι
640 384 841 465 ὀνομαζομένης,

70 456 103 540 ἧς
115 465 325 568 άπσθανούσης
332 469 402 540 νόσω
415 487 477 542 περι
466 466 537 524 τόν
545 471 669 575 οἰκισμόν
687 477 733 543 τῆς
746 477 843 543 πόλεως

70 553 189 628 πρώτης,
206 551 251 608 καί
263 555 292 608 έν
304 538 325 625 ᾧ
339 551 419 623 έναμε
431 553 518 626 χωρίῳ
541 556 677 656 ταφείσης,
691 562 784 629 μνῆμα
798 581 843 631 γι-

71 640 175 695 νέσθαι
189 637 237 704 τήν
250 638 337 693 πόλιν.
364 638 532 707 συμπλεῦσαι
547 633 620 691 δ”
585 640 670 705 αυτὴν
685 644 739 703 τοῖς
755 644 844 716 Τρωσὶ

70 724 188 797 λέγεται,
204 721 337 824 δοθτεῖσαν
351 719 406 776 ύπό
421 741 468 775 του
452 722 584 823 ”ματρός
597 719 691 797 Αἰνείᾳ
706 723 840 794 δεηθέντι,

69 807 208 881 μαντικην
232 794 320 862 ούσαν
348 802 393 860 καί
417 805 514 876 σσφήν.
542 805 645 879 λέγεται
659 808 687 862 δε
701 828 770 863 κατα
795 812 842 864 τὸν

72 892 210 965 πολισμὸν
228 891 277 946 τού
295 890 450 946 Λαουϊνίου
465 909 562 958 σηαεια
587 894 644 955 τοῖς
666 893 754 966 Τρωσί
765 895 841 967 γενέ·
866 962 871 977 x

72 981 148 1033 σθαι
168 973 275 1031 τοιάδε·
300 975 386 1048 πυρός
405 969 741 1045 αύτομάτωςάναφθέντος
753 980 782 1032 εἰι
796 983 842 1049 τῆς

74 1064 171 1130 νάπης,
185 1059 267 1115 λύιιον
279 1060 329 1132 μέν
342 1060 484 1131 κομίζοντα
510 1058 547 1133 τῷ
559 1062 673 1131 στόματι
699 1062 744 1129 τῆς
763 1063 841 1136 ξηρᾶς

71 1141 147 1216 ὕλης,
161 1146 316 1217 ἐπιβάλλειν
335 1141 379 1199 έπέ
400 1145 431 1202 τό
453 1145 524 1217 πύρ·
544 1141 624 1200 άετόν
644 1144 672 1199 δέ
685 1147 840 1219 προσπετό-

71 1250 157 1303 μενον
175 1227 358 1304 άναῤῥιπίζεεν
383 1228 417 1304 τῇ
430 1229 531 1298 κινήσει
553 1230 606 1282 τῶν
632 1227 772 1304 πτερύγων
791 1231 839 1300 τήν

71 1316 178 1388 φλόγα·
192 1316 299 1378 τούτοις
314 1310 476 1368 δέτάναντία
487 1316 679 1384 μηχανωμένην
701 1312 837 1381 άλὼττεκα,

72 1401 122 1468 τὴν
145 1393 231 1472 σύράν
249 1399 394 1472 διάβροχον
407 1402 436 1453 έκ
463 1399 512 1452 τού
538 1400 664 1470 ποταμοῦ
689 1399 836 1472 φέρουσαν,

73 1484 257 1557 ἐπιρραπίζειν
283 1487 314 1540 τό
328 1484 470 1556 καιόμενον
484 1483 554 1554 πύρ’
581 1482 627 1538 καί
640 1484 700 1538 τοτέ
713 1485 762 1555 μέν
775 1485 836 1549 τούς

72 1565 246 1633 άνάπτοντας
258 1572 424 1642 ἐπικρατεῖν·
438 1568 496 1622 τοτέ
511 1565 538 1619 δέ
547 1563 756 1640 τηνάποσβέοαι
769 1571 834 1641 βου·
895 1563 898 1567 ’

73 1653 203 1724 λομένην·
217 1655 290 1717 τέλος
302 1652 328 1707 δέ
343 1655 450 1722 νικῆσαι
463 1651 526 1712 τούς
543 1650 601 1715 δύο,
620 1651 667 1705 καὶ
681 1655 730 1720 τήν
745 1656 836 1728 ἑτέραν

73 1739 202 1806 οἴχεσθαι
220 1737 306 1809 μηδέν
332 1736 370 1793 ἔτι
387 1740 476 1791 ποιεῖν
497 1736 656 1806 δυναμένην.
697 1733 790 1791 ἰδόντα
810 1738 838 1792 δέ

73 1823 125 1876 τόν
137 1819 247 1876 Αἰνείαν
261 1819 344 1878 εἰπεῖν
355 1821 387 1884 ὦς
399 1821 530 1892 ἐπιφανής
541 1821 590 1892 μέν
604 1818 678 1875 ἔσται
698 1820 745 1875 καί
765 1826 837 1878 &av-

73 1906 174 1977 μαστὴ,
190 1903 235 1960 καί
245 1905 364 1979 γνώσεως
376 1905 420 1961 ἐπὶ
434 1909 557 1960 πλεῖστον
571 1901 673 1974 ἥξουσα
687 1902 703 1975 5
717 1903 835 1972 άποικία,

74 1992 230 2059 ἐπίφθονος
244 1989 272 2044 δέ
287 1992 343 2053 τοῖς
357 1986 573 2062 πέλαςαύξομένη
581 1989 626 2044 καὶ
640 1992 755 2062 λυπηρά,
772 2009 841 2063 κρα-

74 2075 152 2143 τήσει
167 2070 191 2128 δ’
212 2072 283 2147 ὅμως
297 2076 347 2129 τῶν
367 2073 615 2148 άντιπραττόντων,
640 2075 780 2146 κρείττονα
794 2073 842 2138 τήν

75 2165 105 2216 έιι
120 2159 170 2212 τού
193 2160 275 2214 θείου
294 2158 376 2229 τύχην
395 2160 519 2231 λαβοῦσα
538 2159 587 2213 τού
606 2152 669 2232 παρ’
689 2154 842 2231 άνόρώιτων

79 2246 353 2318 έναντιωθηοομένου
366 2247 484 2316 φθόνου.
498 2243 585 2297 ταῦτα
599 2242 648 2314 μέν
662 2242 694 2308 δη
710 2237 781 2294 οὕτω
795 2257 841 2290 πε-

82 2332 184 2402 ριφανῆ
223 2330 371 2402 μηνύματα
400 2331 503 2402 λέγεται
534 2329 661 2398 γενέσθαι
693 2325 745 2375 τῶν
776 2339 844 2389 συμ-

81 2411 241 2512 βησομένων
252 2435 286 2490 τη
273 2414 393 2470 πόλει
420 2412 466 2468 καί
481 2412 553 2467 ἔστιν
582 2404 669 2463 αὐτῶν
686 2407 801 2474 μνημεῖα
821 2405 846 2456 έν

83 2519 118 2574 τη
104 2496 361 2556 Λαουϊνιατῶν’
343 2497 440 2572 αγομᾷ,
462 2495 566 2565 γάλκεα
593 2488 734 2546 emma*
701 2508 751 2544 των
770 2485 848 2555 ζώων,

74 2585 108 2627 ἐκ
115 2582 222 2628 πολλοὸ
227 2582 418 2650 ποίναγμόνοα
431 2577 646 2657 διατηρούμενα.
