1890 2970
100 30 121 85 ²}
187 93 465 165 ANTIQVITATVM
474 95 608 151 ROMAN.
619 99 684 151 LIB.
694 100 730 152 [v
806 103 839 164 49

85 199 118 261 ὁ
127 201 302 279 παραδοῦσαι
315 201 364 272 την
376 196 521 277 ἡγεμονίαν
533 204 622 277 ἐκείνῳ
635 205 722 270 πόλεις
741 200 791 262 οιίιι
804 205 842 262 έτι

84 288 229 361 φυλάττειν
241 286 387 361 ἐβούλοντο
400 288 448 352 τάς
461 285 610 360 ὁμολογίας,
631 290 735 362 Τυλλίῳ
752 308 780 345 τε
793 286 843 346 οὐκ

84 368 209 438 ἀξιοῦσαι
223 370 337 444 ταπεινῷ
361 372 430 426 κατά
441 371 518 446 γένος
544 370 602 428 ὄντι
616 369 770 438 ἷιπακοίειν,
796 373 843 430 καί

70 456 135 524 ,τὴν
149 454 285 531 διαφοράν
297 457 349 511 τῶν
361 454 509 529 πατρικίων
523 455 570 524 τήν
583 457 650 531 πρὸς
664 458 710 513 τάν
722 453 840 532 ἡγεμόνα

82 541 230 615 γενομένην
240 541 356 612 μεγάλην
368 540 461 610 σφίσιν
481 534 609 609 ὠφέλειαν
621 542 743 614 παρέξειν
762 543 842 613 νομί-

83 626 190 692 ζουσαι.
217 617 329 700 ἤρξαντο
344 622 372 678 λέ
382 625 428 693 τῆς
441 620 613 688 ἀποστάσεως
631 623 658 680 οἱ
683 623 843 698 καλοίμενοι

87 703 265 774 Οὗῖεντανοί,
290 705 405 772 κολεοῖς
429 709 543 767 ίλθαίισι
568 709 642 781 παρά
661 710 710 765 τοῦ
728 710 842 765 Τυλλίου

84 792 264 866 πρεσβευταῖς
289 788 481 864 άπεκρίναντο,
510 793 643 865 μηδεμίαν
668 787 738 849 είναι
762 794 842 865 σφίσι

83 879 154 978 πρὸς
170 878 271 933 ἐκεῖνον
295 869 364 950 μηθ’
391 872 459 950 ιἰπέρ
476 870 619 950 ἡγεμονίας
641 877 840 953 παραχώρησιν,

65 980 69 987 ’
83 961 151 1034 μήτε
161 981 221 1035 περι
212 958 379 1032 φιλίας
334 982 379 1016 και
399 962 549 1033 συμμαχίας
568 961 717 1032 συνθήκην
741 960 841 1038 εἰρξάν-

83 1062 139 1100 των
152 1042 180 1097 δέ
194 1064 305 1113 τουτων,
330 1045 498 1119 Καιρητανοί
517 1063 545 1100 τε
562 1041 768 1148 ηιιολουθησρν,
796 1044 842 1102 καί

88 1129 261 1201 Ταρκυνίται,
276 1149 323 1184 και
312 1127 522 1185 τελευτωσαίν
544 1117 676 1195 οπλοις“’
659 1149 693 1199 ην
715 1125 840 1199 άπασαη

88 1213 236 1286 Τυρρηνία.
251 1200 352 1277 οὗτοςί
364 1213 567 1284 πέλεμοςείιιοσι
580 1212 729 1286 διέμεινεν
715 1235 758 1284 ειη
773 1234 841 1272 συν

84 1298 148 1364 εχιῖις
162 1296 366 1370 πολεμούμενος,
393 1297 516 1369 εἰσβολάς
529 1315 556 1351 τι
568 1295 699 1363 πολλάς’
682 1301 840 1401 ριμροτὲρων

82 1380 210 1453 μεγάλοις
224 1380 403 1454 στρατείμασι
427 1381 594 1450 ποιουμένων
611 1378 646 1447 εἷς
659 1383 707 1453 την
719 1379 842 1452 άλληλων,

84 1462 133 1520 καί
149 1465 307 1537 παρατάξεις
320 1460 401 1528 άλλας
422 1459 462 1520 ἐπ’
476 1459 568 1530 άλλαις
579 1466 784 1538 συνισταμένων.
811 1470 839 1521 έν

84 1547 205 1612 άπάσαις
217 1546 245 1603 δέ
257 1550 316 1614 ταῖς
327 1548 426 1620 μάχαις
438 1551 581 1622 κατορθῶν
594 1548 610 1606 ὅ
626 1550 751 1619 Τίλλιος,
778 1545 841 1606 ὅσαι

84 1633 156 1689 κατά
169 1633 256 1697 πόλεις
268 1653 295 1688 τε
308 1631 431 1708 καὶπρὸς
447 1628 511 1690 ὅλον
524 1634 554 1690 τί
568 1633 650 1699 ἔθνος
668 1629 741 1707 αὐτῷ
765 1635 841 1691 συνέ·

83 1737 197 1786 στησαν,
211 1716 256 1772 καὶ
269 1715 354 1793 τρισὶν
366 1718 587 1789 ἐπιφανεστάτοις
614 1717 760 1791 κοσμηθεὶς
778 1721 841 1789 θρι·

83 1802 192 1875 άμβοις,
207 1803 332 1858 τελευτῶν
343 1798 478 1876 ἠνάγκασε
491 1800 554 1866 τοὺς
572 1797 622 1858 οὔκ
634 1803 774 1867 ἀξιοῦντας
788 1797 839 1877 άρ-

81 1889 191 1956 χεσθαι,
206 1887 252 1943 τὸν
263 1888 374 1956 χαλινὸν
386 1885 495 1951 ἑκόντας
506 1887 607 1959 λαβεῖν.
627 1884 735 1962 εἷκοσιρί
749 1882 776 1944 δ’
791 1877 840 1942 οὖν

84 1968 136 2026 ἴτει
150 1972 333 2028 συνελθοῦσαι
345 1972 426 2026 πάλιν
440 1969 469 2026 αἶ
482 1968 583 2026 λαἰάειια
596 1973 698 2040 πόλεις,
715 1974 840 2076 έξρινηλω·

84 2055 163 2125 μέναι
189 2075 224 2127 τῳ
213 2054 342 2127 πολέμῳ
367 2057 399 2111 τά
413 2074 440 2109 τε
466 2055 576 2128 σώματα
589 2054 637 2111 καλ
662 2057 696 2111 τά
705 2057 838 2132 χρήματα,

84 2138 192 2241 γνώμην
205 2137 281 2208 ἔσχον
294 2134 484 2212 παραιλοῖιναιε
480 2140 613 2211 Ρωμαίοις
626 2160 674 2207 την
686 2135 837 2214 ηγιμονίαν,

84 2217 127 2292 ἐφ’
142 2225 182 2286 οἱς
196 2226 328 2325 πρότερον
340 2223 517 2296 ἐψηφίσαντο.
537 2220 582 2278 καί
595 2227 719 2298 παρῆσαν
732 2222 786 2288 ἐξ
770 2224 840 2279 αττά·

85 2325 133 2376 σης
146 2305 284 2372 πόλεωςε
257 2328 285 2362 οι
297 2309 529 2382 προχειρισθέντες
546 2327 596 2363 συν
615 2305 765 2381 ἱκετηρίαις,
784 2309 840 2362 ίπι·
879 2309 881 2314 ’

85 2392 222 2463 τρέποντες
238 2391 341 2464 Τυλλίῳ
354 2393 399 2455 τάς
411 2393 506 2458 πόλεις,
522 2411 568 2446 και
559 2387 712 2462 μηδέν’
694 2410 841 2459 ανηκεστον

83 2473 291 2544 βουλεύσασθαι
317 2474 379 2548 περί
403 2472 490 2532 αὑτῶν
513 2473 655 2541 ἀξιοῦντες.
689 2474 800 2541 Τύλλιος
812 2474 841 2530 δέ

84 2561 130 2628 τῆς
140 2561 190 2630 μέν
204 2558 360 2634 άιγροσίνης
376 2555 460 2628 ἕνεκα,
485 2558 531 2617 καί
557 2560 608 2618 τῶν
623 2556 659 2628 εἰς
685 2560 752 2627 τυὶις
763 2560 851 2624 θεους

115 2640 225 2688 Dtom
240 2640 314 2691 T.Il.
656 2643 685 2696 ἶ)
