1890 2970
147 115 424 186 ANTIQVITATVM
440 113 577 168 ROMAN.
598 115 660 166 ΠΒ.
686 118 715 168 V.
771 123 820 178 167

64 220 218 298 δπαιθρίου
230 223 318 293 πάσης
337 220 390 279 ίιπδ
406 223 458 278 τῶν
470 222 617 296 πολεμίων,
644 219 691 276 καὶ
714 218 773 279 οὔτ’
792 228 820 280 ἐκ

61 310 110 382 γῆς
122 305 158 372 εἷς
173 307 219 378 τήν
231 308 310 363 πάλιν
323 302 539 380 εἰσκομιζομένων
559 306 609 360 τῶν
630 301 743 381 άγορῶν,
759 302 820 364 οὔτε

60 392 115 464 μην
126 391 171 448 διά
184 392 233 448 τοῦ
244 392 369 468 ποταμοῦ
382 390 568 464 καταγομένων
583 384 623 444 δτι
639 392 677 461 μή
691 393 819 459 σπανίων,

64 479 155 546 ταχεῖα
170 479 222 533 τῶν
236 473 390 550 ἀναγκαίων
403 477 501 540 σπάνις
512 477 615 548 ἐγένετο
627 474 741 550 μυριάσι
754 479 821 532 πολ·

60 563 119 624 λαίς
131 561 166 616 τά
179 562 438 635 παρασκευασθέντα
451 555 483 615 οὗ
497 559 584 615 πολλά
603 555 669 613 ὄντα
691 557 819 616 δαπανίι.

62 664 131 708 σοις.
151 643 196 700 καί
207 645 274 717 μετά
286 638 367 701 τοῦθ’
382 643 409 700 οί
420 645 587 721 θεράποντες
598 640 693 699 πολλοὶ
706 645 819 703 καταλι.

62 729 157 794 πάντες
168 729 231 793 τοὺς
242 726 380 796 δεσπότας,
394 723 564 799 ηὐτομόλουν
578 725 717 801 δσημέραι,
731 727 776 783 καί
789 732 818 783 ἐκ

62 812 112 869 τοῦ
126 812 271 886 δημοτικοῦ
284 813 409 883 πλήθους
434 811 462 868 οἱ
474 812 653 885 πονηρότατοι
676 812 743 884 πρὸς
756 813 817 877 τούς

61 898 209 971 τυράννους
221 895 386 969 άφίσταντο·
412 890 496 952 ταῦθ’
517 895 599 972 δρῶσι
624 897 679 960 τοῖς
704 894 818 958 ὑπάτοις

62 977 141 1050 ἔδοξε,
154 982 281 1039 Λατίνων
291 981 340 1053 μέν
354 979 464 1037 δεῖσθαι
476 981 529 1035 τῶν
547 979 586 1037 ἐτι
606 975 770 1051 αἰδουμένων
784 982 815 1039 τά

60 1066 192 1139 συγγενές,
206 1065 252 1122 καί
261 1068 349 1142 μένειν
363 1064 514 1121 δοκοίιντοιν
522 1067 550 1120 ἐν
562 1061 596 1138 τῇ
607 1065 693 1137 φιλίρι,
709 1084 816 1137 συμμα-

58 1147 121 1218 χίας
132 1150 209 1223 σφίσι
223 1153 330 1224 πέμψαι
343 1147 388 1206 διά
396 1151 508 1218 ταχέων·
529 1145 565 1213 είς
579 1147 815 1221 δέτηνΚαμπιινί·

62 1232 97 1289 δα
111 1234 209 1305 Κίμην
229 1232 276 1289 καί
295 1235 341 1299 τάς
360 1235 388 1289 ἐν
401 1231 437 1305 τῷ
449 1233 609 1306 Ποιμεντίιτμ
626 1231 707 1305 πεδίιρ
725 1234 815 1299 πόλεις

61 1314 220 1374 άποστείλαι
232 1317 359 1391 πρέσβεις,
372 1315 531 1383 άξιίισοντας
549 1311 633 1382 αδτοίς
646 1317 725 1388 σφίσι
737 1319 814 1374 σίτου

62 1402 196 1475 ἐξαγωγὴν
208 1402 358 1479 ἐπιτρέψαι.
383 1403 503 1458 Λατίνοι
513 1401 562 1473 μέν
575 1390 625 1458 οὖν
638 1399 814 1476 διεκροὺσαν-

61 1506 95 1542 το
119 1487 166 1555 τήν
190 1486 356 1558 ἐπικουρίαν,
382 1484 416 1550 ὥς
429 1479 478 1555 οὔχ
491 1479 567 1542 ὅσιον
592 1479 685 1548 οὗτοῖς
705 1481 737 1539 ὃν
751 1480 813 1542 οὔτε

64 1569 204 1644 Ταρκυνίῳ
227 1570 351 1643 πολεμεῖν
375 1565 435 1625 οίίττ
456 1565 604 1641 Ῥωμαίοις,
632 1568 721 1636 ἐπειδὴ
735 1567 814 1644 κοινῇ

59 1655 205 1711 συνέθεντο
217 1653 285 1730 πρὸς
297 1651 463 1728 ἀμφοτέρους
475 1655 510 1709 τά
523 1651 583 1728 περί
601 1655 647 1720 τῆς
666 1653 755 1724 φιλίας
767 1651 812 1726 δρ-

59 1760 115 1794 κια.
142 1743 168 1794 ἐκ
184 1738 212 1794 δι’
224 1739 273 1794 τοῦ
287 1740 461 1809 Πωμεντίνου
473 1737 568 1794 πεδίου
581 1737 702 1814 Λάρκιός
720 1756 747 1792 τι
765 1737 812 1794 καί

55 1819 194 1896 Ἑρμήνιος
206 1819 233 1878 οἶ
246 1823 413 1898 πεμφθέντες
430 1820 474 1879 ἐπὶ
493 1822 543 1891 τήν
560 1818 747 1894 παρακομιδην
761 1825 811 1878 τοῦ

57 1908 135 1964 σίτου
142 1908 272 1982 πρέσβεις,
286 1908 387 1970 πολλάς
398 1905 551 1979 γεμίσαντες
565 1907 671 1978 σκάφας
683 1906 812 1972 παντοίας

56 1994 167 2066 τροφῆς,
195 1989 249 2046 άπδ
267 1991 406 2060 θαλάττης
419 1987 472 2047 άνά
483 1991 530 2046 τδν
543 1991 673 2062 ποταμδν,
692 1995 720 2046 ἐκ
735 1991 811 2046 νυκτί

58 2073 186 2148 άσελήνρι,
214 2076 344 2139 λαθόντες
372 2074 436 2139 τούς
462 2076 618 2146 πολεμίους,
647 2073 810 2144 διεκόμισαν.

57 2160 123 2226 ταχὺ
138 2158 166 2213 δέ
185 2156 231 2213 καί
244 2157 341 2228 ταδτης
354 2159 563 2227 ἐξαναλωθείσης
574 2160 618 2226 τῆς
631 2155 737 2232 άγορᾶς,
765 2159 810 2213 καί

58 2245 103 2314 τῆς
116 2238 198 2310 αάτῆς
223 2244 406 2314 κατασχούσης
423 2244 486 2308 τούς
511 2239 674 2317 άνθρώπους
687 2239 808 2315 άπορίας,

55 2328 155 2386 μαθὼν
169 2328 244 2399 παρά
263 2328 313 2381 τῶν
326 2320 481 2400 αδτομδλων
507 2326 523 2382 δ
552 2326 688 2400 Τυρρηνὸς
705 2319 809 2381 διεκά-

56 2431 171 2469 ανουσιν
186 2409 249 2491 ,άπὸ
262 2411 311 2468 τοῦ
336 2412 416 2482 λιμοῦ
430 2409 457 2467 οί
473 2409 558 2477 ένδον,
579 2407 808 2483 ἐπεκηρυκεέισατο

56 2497 123 2572 πρὸς
150 2491 256 2564 αὐτοὺς,
280 2497 424 2551 ἐπιτάττων
442 2495 569 2565 δέχεσθαι
587 2495 632 2549 τδν
650 2491 800 2568 Ταρκύνιον

54 2581 76 2634 τέ
89 2578 236 2654 βοίλοιντο
252 2580 370 2654 πολεμου
381 2578 429 2638 καί
441 2580 523 2659 λιμοῦ
535 2576 726 2652 άπηλλάχθαε.
