1890 2970
106 146 155 201 193
221 139 381 192 DIONYSII
398 136 745 191 HALICARNASSENSIS

107 246 211 302 Τατίου
226 245 353 321 πατρίδος
368 243 447 319 κοινῇ
473 246 754 320 περιλαμβανομένους
767 243 866 314 κλίγσετ,

103 332 237 406 Κυρίτας·
264 328 412 387 πολιτεύειν
426 329 454 385 δέ
466 329 528 396 τούς
541 332 723 404 βουλομένους
740 330 868 403 Σαβίνων

102 421 130 472 έν
139 413 235 490 Ῥώμη,
250 414 309 490 ἱερά
322 436 348 469 τε
361 416 606 489 συνενεγκαμένους,
615 414 661 470 καλ
674 412 710 480 εἷς
723 416 809 487 φυλάς
822 414 868 471 καί

105 503 225 577 φράτρας
238 500 424 565 ἐπιδοθέντας.
445 500 531 556 ταῦτα
545 496 689 573 ὀμόσαντες
701 499 747 556 καί
759 500 865 573 βωμούς

103 585 148 641 ἐπὶ
173 588 229 649 τοῖς
255 581 344 658 ὅρκοις
370 583 544 657 ἱδρυσάμενοι
564 585 632 638 κατά
652 585 737 656 μέσην
749 585 868 656 μάλιστα

101 671 151 739 τὴν
165 671 331 742 καλουμένην
344 665 417 742 ἱεράν
432 667 503 734 ὁδόν,
518 669 725 745 συνεκράθηοαν
734 665 864 738 άλληλοις,

102 754 148 810 καί
163 753 189 809 οἱ
200 753 248 825 μέν
262 748 339 827 ἄλλοι
352 754 399 816 τάς
412 752 536 824 δυνάμεις
551 750 729 826 ἀναλαβόντες
741 748 866 826 ἡγεμόνες

104 837 232 908 άπῖηλθσν
245 833 286 892 ἐπ’
301 840 393 893 σῖκσυ·
421 839 520 898 Τάτιος
534 835 561 891 δέ
576 837 592 893 δ
605 838 730 909 βασιλεύς
748 835 795 893 καὶ
814 838 865 893 σύν

103 919 175 994 αὐτῷ
187 925 256 998 τρεῖς
268 917 361 996 άνδρες
373 922 424 976 τῶν
439 921 657 991 διαφανεστάτων
677 920 819 994 ὑπέμειναν
836 925 865 977 έν

99 1005 195 1080 Ῥύμῃ,
209 1007 255 1062 καί
269 1009 345 1076 τιμάς
358 1006 434 1073 έσγον
447 1000 478 1069 άς
491 1008 521 1061 τό
541 1000 587 1062 ἄπ’
605 1001 693 1060 αὐτῶν
712 1007 865 1079 ἐκαρποῦτο

101 1093 185 1166 γένος,
205 1085 352 1155 Ούόλεσσος
370 1086 518 1164 Οὐαλέριος,
545 1088 591 1144 καὶ
613 1091 713 1154 Τάλλος
729 1089 866 1168 Τύραννος

103 1177 248 1245 ἐπίκλησιν,
268 1173 313 1230 καί
325 1178 475 1238 τελευταῖος
492 1175 594 1238 Μέτιος
619 1174 762 1249 Κούρτιος,
787 1174 867 1244 ότην
911 1171 916 1176 ’

103 1260 196 1332 λίμνην
210 1261 259 1316 σύν
273 1263 328 1323 τοῖς
342 1255 434 1323 ὅπλοις
448 1259 649 1329 διανηξάμενος,
676 1252 716 1322 οἷς
741 1260 867 1334 παρέμει-

103 1364 152 1398 ναν
164 1340 250 1417 ἕτεροί
263 1365 289 1399 τε
303 1346 439 1417 συγγενεῖς
451 1343 498 1398 καί
512 1344 631 1409 πελάται,
652 1344 705 1398 τῶν
722 1343 868 1419 ἐπιχωρίων

103 1425 213 1502 άριθμῷ
227 1423 277 1483 ούκ
290 1431 422 1491 ἐλάττους.

166 1509 284 1568 XLVII.
298 1512 499 1568 Καταστάντων
513 1509 542 1566 δέ
555 1511 606 1565 τῶν
620 1512 793 1584 πραγμάτοιν,
808 1511 868 1568 έδο-

105 1599 129 1658 ξε
144 1599 199 1658 τοῖς
211 1598 362 1669 βασιλεύοι,
378 1594 470 1663 ἐπειδὴ
484 1596 584 1663 πολλήν
596 1594 717 1651 ἐπίδοσιν
730 1593 766 1659 εἷς
785 1593 868 1665 όχλου

106 1684 212 1748 πλῆθος
224 1677 331 1750 είληφει,
354 1679 496 1737 διπλάσιον
517 1681 566 1734 τού
593 1681 725 1754 προτέρου
752 1683 868 1750 ποιῆσαι

105 1767 151 1819 τόν
164 1766 214 1819 τῶν
227 1767 375 1838 πατρικίων
389 1763 519 1846 άριθμόν,
533 1764 798 1839 προσκαταλέξαντας
815 1765 867 1821 σύν

104 1851 159 1913 τοῖς
171 1850 393 1918 ἐπιφανεστάτοις
406 1851 489 1913 σῖκοις
506 1852 534 1904 εἰι
554 1850 606 1904 τῶν
624 1843 738 1922 ὕστερον
757 1851 868 1920 ἐποικη-

104 1932 207 1987 σάντων
220 1934 296 1997 ἴσους
308 1936 365 1998 τοῖς
377 1936 517 2033 προτέροις
530 1934 677 2007 νεωτέρους,
704 1927 752 1997 ούς
772 1935 868 1989 ἐκάλε-

104 2036 154 2071 σαν
169 2019 340 2091 πατρικίους·
362 2023 387 2083 έξ
398 2037 432 2072 ων
446 2018 541 2073 ἑκατόν
554 2013 663 2091 ἄνδρας,
682 2011 730 2082 οδς
749 2014 778 2073 αί
791 2019 867 2092 φρά-

102 2121 165 2173 τραι
178 2102 404 2174 προεχειρίσαντο,
418 2105 474 2166 τοῖς
488 2099 775 2176 άργαίοιςβσυλευταῖς
782 2123 868 2178 προσ-

102 2187 233 2259 έγραψαν.
269 2186 331 2260 περί
355 2188 404 2259 μέν
430 2185 531 2242 τούτων
553 2183 645 2259 ὀλίγου
661 2187 716 2257 δεῖν
729 2186 826 2252 πάντες
838 2185 868 2243 οἱ

103 2271 308 2344 συγγράψαντες
320 2267 524 2341 τάςῬωμοῖκάς
544 2271 664 2344 ἱστορίας
683 2273 866 2344 συμπεφωνή-

103 2374 195 2408 κασιν·
222 2351 309 2428 ὀλίγοι
323 2355 351 2410 δέ
364 2375 431 2418 τινες
444 2352 563 2428 περὶτοῦ
578 2356 701 2424 πλήθους
714 2356 767 2411 τῶν
780 2376 867 2431 προσ·

103 2443 325 2514 καταγραφέντων
349 2440 501 2512 βουλευτῶν
528 2439 712 2514 διαφέρονται.
750 2435 784 2497 ού
808 2442 865 2517 γάρ

101 2526 206 2589 ἑκατόν,
223 2521 292 2578 άλλά
305 2525 469 2594 πεντήκοντα
483 2523 545 2587 τούς
557 2527 763 2590 ἐπεισελθόντας
775 2521 869 2594 εῖςτην

79 2604 195 2675 βθνλάν
207 2605 405 2686 άποφοιίνουσι
415 2609 562 2689 γενέσθαι.
586 2608 650 2684 περὶ
665 2608 697 2664 δε
712 2611 763 2663 τῖεν
788 2612 885 2687 τιηιιῖιιῚ
