1890 2970
169 105 444 173 ANTIQVITATVM
461 103 595 157 εισωεω.
606 106 668 156 τω.
679 107 724 157 v1.
772 113 822 166 265

71 209 127 268 άπό
141 211 327 286 στρατοπέδου
338 214 439 284 μαθεῖν
465 207 615 275 άξεοῠντων,
628 211 676 280 τὴν
688 231 714 266 τε
737 212 822 284 μάχην
844 243 847 246 -

71 291 165 358 αὗτοῒς
179 296 325 370 φράζουσιν
340 295 373 359 ὥς
385 296 495 367 ἐγένετο,
514 292 560 348 καὶ
573 289 615 349 ότι
629 295 749 350 νικῶσιν·
776 289 821 359 σάς

70 379 308 452 μεταχωρήσαντας
320 382 348 434 ἐκ
362 384 407 449 τῆς
426 376 527 452 άμοράς
547 373 591 433 ὑπ’
613 374 720 441 οὐδενός
733 378 771 434 έτι
783 382 823 434 λέ-

70 483 166 535 νουσιν
180 459 310 532 ὄφθὴναι,
325 464 423 532 πολλὴν
437 464 542 531 ζὴτησιν
558 457 645 517 αὐτῶν
659 465 821 533 ποιουμένου

69 567 119 601 του
104 548 400 650 καταλειφθέντος
369 567 414 615 της
429 549 526 609 πόλεως
540 541 715 617 ἡγεμόνος.
697 568 730 610 ως
745 545 822 600 δέ
790 567 821 619 τη

70 632 184 686 κατόπιν
197 625 281 705 ἡμέρη
294 632 340 694 τάς
353 632 428 704 παρά
451 650 499 686 του
485 629 674 734 δικτάτωρος
683 633 821 694 ἐπιστολάς

69 712 204 787 έλαβον’
178 734 205 768 οι
216 717 266 769 τῶν
281 715 375 770 κοινῶν
390 716 561 788 προεστῶτες,
587 714 632 769 καί
644 713 693 770 σδν
705 717 761 778 τοῖς
774 710 820 769 άλ-

68 793 153 861 λοις
135 817 219 853 απασι
244 801 299 862 τοῖς
312 803 339 854 ἐν
352 797 385 872 τῇ
397 799 469 871 μάχη
495 799 644 882 γενομένοις
656 796 702 852 καί
713 801 747 853 τά
761 797 821 872 περὶ

67 902 113 949 της
125 882 326 952 όπιφανειας
292 902 343 938 των
370 882 503 954 δαιμόνων
526 878 638 986 ἔμαθον,
667 883 819 954 νομίσαντες

67 966 118 1020 τῶν
131 962 218 1021 αὐτῶν
230 960 347 1022 θεῶν*
322 975 390 1022 ειναι
414 962 495 1037 άμφω
508 968 542 1019 τά
567 967 704 1036 φάσματα,
733 961 818 1039 ὥσπερ

67 1045 323 1124 εικός,Διοσκοάρων
336 1041 540 1118 ἐπείσθησαν
514 1069 581 1104 ειναι
595 1051 629 1105 τά
642 1049 743 1106 εἴδωλα.
755 1049 819 1104 ταί-

66 1153 112 1200 της
123 1132 179 1189 ε’στί
191 1136 236 1202 τῆς
250 1133 405 1208 παραδόξου
418 1131 463 1188 καὶ
481 1135 643 1207 θαυμαστῆς
655 1135 707 1188 τῶν
720 1132 818 1205 δαιμό-

64 1222 117 1272 νων
130 1218 286 1287 ἐπιφανείας
306 1220 333 1272 έν
347 1213 433 1290 Ῥώμη
451 1218 536 1271 πολλά
556 1220 663 1289 σημεῖα,
688 1212 744 1272 ὅτι
757 1218 818 1280 νεὼς

65 1300 143 1355 ὁτῶν
156 1299 335 1373 Διοσκοὺρων,
350 1294 382 1355 όν
394 1300 438 1356 ἐπί
451 1303 497 1368 τῆς
516 1298 616 1376 άγοράς
628 1301 817 1357 κατεσκεδασεν

65 1379 176 1452 ἡπόλις,
192 1383 261 1439 ένθα
275 1378 358 1454 ὤφθη
384 1386 417 1438 τά
439 1382 540 1451 εἴδωλα,
566 1379 715 1456 καίὴπαρ’
742 1379 817 1457 αὐτῷ

66 1467 148 1540 κρὴνη
162 1469 309 1541 καλουμένη
323 1489 349 1523 τε
363 1470 414 1523 τῶν
425 1470 497 1523 θεῶν
512 1468 612 1524 τούτων
627 1466 697 1540 ἱερά,
725 1466 770 1522 καί
781 1465 816 1530 είς

66 1550 127 1604 τόδε
136 1553 237 1652 χρόνον
250 1554 414 1625 νομιζομένη,
428 1552 528 1608 θυσίαι
548 1573 573 1606 ττ
599 1554 761 1616 πολυτελεῖς,
784 1546 815 1614 δίς

67 1628 160 1688 καθη
145 1655 255 1690 εκαστον
269 1634 419 1691 ἐνιαυτόν
404 1657 418 1692 ο
433 1635 514 1708 δῆμος
526 1638 637 1690 ἐπιτελεῖ
652 1632 740 1688 διὰ
706 1655 757 1689 των
769 1655 814 1705 με·

64 1718 164 1791 μίστων
177 1716 277 1775 ιπττέων
294 1723 322 1774 έν
339 1719 425 1819 μηνί
423 1719 566 1790 Κυιντιλίῳ
588 1719 730 1822 λεγομένῳ,
758 1722 815 1780 ταῖς

66 1802 240 1874 καλουμέναις
252 1800 345 1868 εἶδοῖς,
368 1806 396 1858 ἐν
408 1826 425 1878 η
413 1790 657 1872 κατώρθωσαν
642 1804 726 1901 ημέρηι
739 1801 814 1856 τόνδε

65 1887 112 1939 τόν
138 1887 267 1960 πόλεμον·
293 1908 359 1961 υπερ
371 1907 477 1942 απαντα
491 1886 519 1941 δε
532 1907 630 1952 ταυτα,
648 1907 753 1960 ημετα
766 1907 813 1956 την

64 1966 167 2025 θυσίαν
181 1972 364 2044 ἐπιτελουμένη
384 1973 476 2043 πομπὴ
497 1972 548 2025 τῶν
566 1973 678 2040 ἐχόντων
696 1972 743 2026 τόν
762 1969 812 2038 δη-

63 2052 161 2122 μόσιον
172 2053 262 2120 ἵππον,
283 2052 311 2109 οἳ
321 2057 389 2110 κατά
407 2055 494 2126 φυλάς
517 2075 544 2108 τε
562 2053 609 2110 καί
627 2054 720 2123 λόχους
738 2074 812 2108 κεκο-

65 2137 206 2210 σμημένοι,
235 2138 375 2208 στοιχηδόν
387 2138 432 2194 ἐπὶ
444 2140 495 2193 τῶν
505 2136 593 2193 ἳππων
612 2135 751 2210 δησάμενοι
764 2157 812 2191 πο-

63 2220 186 2292 ρεόονται
199 2222 300 2289 πάντες,
312 2220 345 2287 ὥς
357 2226 385 2278 ίκ
397 2223 483 2295 μάχης
499 2217 613 2289 ἥκοντες,
628 2223 811 2291 ἐστεφανωμέ-

62 2324 105 2358 νοι
117 2307 229 2370 θαλλοῖς
241 2307 337 2373 ἐλαίας,
350 2305 395 2362 καί
408 2306 549 2407 πορφυρᾶς
561 2303 811 2380 φοινικοπαρίιφους

63 2383 240 2463 ἀμπεχόμενοι
265 2391 403 2460 τηβέννας,
432 2391 480 2451 τάς
505 2391 666 2460 καλουμένας
689 2392 809 2462 τραβέας,

62 2467 204 2544 ἀρξάμενοι
228 2472 277 2553 μέν
294 2470 349 2529 άπὸ
375 2473 446 2548 ἱερου
462 2493 529 2538 τινος
536 2468 625 2546 Αρεως
647 2471 692 2535 ἔξω
704 2477 749 2542 τῆς
761 2474 809 2527 πό-

63 2557 122 2614 λεως
135 2553 284 2632 ιδρυμένου,
298 2556 431 2623 διεξιόντες
446 2555 514 2612 δέ’
485 2577 534 2625 την
547 2577 561 2612 τ
559 2551 663 2628 ἀλλην
676 2557 751 2614 πόλιν
766 2556 809 2612 διά
