1890 2970
152 135 429 203 ANTIQVITATVM
446 135 580 188 ROMAN.
597 139 660 188 LIB.
678 140 710 190 V.
764 145 813 198 165

62 248 117 301 θεν
129 238 231 316 άθρόοι
243 243 364 310 ἑστῶτες,
392 243 497 315 λόγχαις
521 263 548 298 τε
568 241 614 298 καί
633 247 755 306 σαυνίοις
767 245 813 298 καί

61 332 152 391 λίθοις
172 329 379 403 χειροπληθέσιν
398 324 527 400 ἔβαλλον·
556 319 595 391 οἷς
621 325 649 382 δέ
672 328 708 399 μή
720 329 813 401 παρείη

61 414 157 479 ταῦτα,
172 415 228 476 τοῖς
239 413 324 483 ξίφεσι
337 409 383 465 καί
396 414 454 475 ταῖς
467 408 563 467 άσπίσι
574 412 626 466 τῶν
639 412 743 483 νεκρῶν.
758 411 773 466 ὁ
788 406 811 464 δ’

61 497 184 570 ἠμάνετο,
204 498 258 561 τοῖς
276 496 379 550 έκείνων
389 495 520 568 χρώμενος
534 490 625 559 ὅπλοις
638 489 694 550 κατ’
709 490 795 550 οὔτῶν
807 514 813 526 ·

61 578 109 636 καί
123 579 231 651 ἔμελλεν,
245 573 330 654 ὥσπερ
343 574 419 644 είκός,
434 574 470 641 εἷς
489 575 611 653 άθρόους
623 579 743 650 βάλλων,
771 574 815 632 άεί

61 685 135 728 τινος
146 662 285 728 τεύξεσθαι
298 664 409 718 σκοποῦ.
430 657 480 732 ἤδη
496 662 522 718 δέ
536 663 682 733 καταβελὴς
693 657 742 729 όίν,
769 659 814 715 καί

61 748 220 821 τραυμάτων
234 749 337 816 πλῆθος
351 750 379 802 έν
391 749 497 811 πολλοῖς
513 748 603 821 μέρεσι
622 747 670 801 τοῦ
692 745 813 818 σώματος

62 831 137 902 έχων,
150 831 215 904 μίαν
229 831 256 886 δέ
272 832 373 904 πληγὴν
395 833 501 904 λόγχης,
529 824 604 898 ἣόιά
630 831 750 904 θατέρου
765 830 815 884 τῶν

59 917 178 990 γλουτῶν
187 913 251 991 δπέρ
265 918 310 983 τῆς
322 917 435 985 κεφαλῆς
447 915 495 970 τοῦ
506 914 596 987 μηροίι
610 909 687 970 άκιίω
699 915 814 982 ένεχθεῖ·

60 1021 104 1066 σα,
130 1002 260 1056 ἐκάκωσεν
274 994 357 1054 αὐτόν
370 995 485 1065 ὄδίιναις,
506 997 551 1054 καί
575 998 622 1066 τήν
639 999 725 1070 βάσιν,
738 997 812 1070 ίβλο·

61 1105 134 1150 πτεν,
149 1083 206 1140 ἐπεὶ
218 1087 247 1139 ίκ
259 1084 310 1137 τῶν
323 1084 436 1139 κατόπιν
449 1078 559 1150 ἤκουσεν
573 1082 760 1155 ἐμβοησάντων
775 1083 812 1136 λε·

63 1170 165 1224 λῖισθαι
178 1171 224 1236 τῆς
236 1165 352 1241 γεφύρας
377 1168 406 1222 τό
420 1169 512 1222 πλεῖον
535 1168 627 1241 μέρος,
652 1168 814 1223 καθάλλεται

65 1253 115 1308 σόν
128 1256 184 1315 τοῖς
212 1246 304 1314 ὅπλοις
316 1247 350 1315 είς
364 1252 410 1305 τόν
422 1252 557 1322 ποταμόν·
569 1248 615 1307 καί
629 1249 815 1322 διανηξάμενος

64 1339 96 1391 τό
111 1338 195 1408 ρεἵιμα
206 1335 324 1404 χαλεπῶς
336 1334 418 1389 πάνυ·
444 1333 502 1408 περί
514 1338 566 1409 γάρ
577 1337 633 1398 τοῖς
645 1333 816 1408 ὑπερείσμασι

64 1420 117 1474 τῶν
131 1418 247 1476 σανίδων
265 1416 440 1489 σχιζόμενοςό
457 1419 520 1491 ροίις
534 1414 592 1484 όξδς
612 1405 653 1488 ἦν,
681 1417 727 1474 καί
741 1417 816 1480 δίνας

65 1503 152 1558 ἐποίει
162 1502 291 1575 μεγάλας·
317 1499 521 1573 ἐξεκολύμβησεν
534 1499 570 1566 εἷς
582 1505 629 1572 τὴν
653 1504 712 1575 γῆν,
739 1497 816 1558 οὗδέν

65 1582 220 1667 τῶνιὸπλων
231 1588 258 1640 έν
272 1584 306 1659 τῷ
319 1587 374 1641 κείν
387 1581 539 1658 ἀποβαλών.

129 1667 223 1727 XXV.
252 1671 339 1725 Τοῦτο
358 1669 388 1723 τό
407 1667 483 1744 ἔργον
501 1667 642 1725 άθάναιον
655 1665 724 1742 αάτῷ
739 1669 817 1731 δόξαν

65 1754 216 1829 είργάσαιο.
229 1754 390 1828 παραχρῆμά
403 1773 430 1808 τε
441 1756 495 1829 γάρ
508 1752 535 1810 οἱ
545 1748 672 1825 Ῥωμαῖοι
684 1754 817 1824 στεφανώ-

65 1858 158 1901 σαντες
170 1833 262 1906 αὗτόν,
290 1835 424 1911 άπέφερον
446 1835 481 1902 εἷς
507 1840 554 1908 τήν
574 1839 651 1894 πόλιν
665 1835 815 1910 ὑμνοῦντες,

64 1924 99 1988 όις
112 1925 163 1978 τῶν
174 1919 265 1997 ἡρώων
290 1921 346 1978 ἕνα.
371 1920 416 1978 καί
441 1922 528 1986 πάςδ
553 1920 717 1985 κατοικίδιος
740 1920 816 1991 ὄχλος

64 2010 173 2074 ἐξεχεῖτο
186 2009 281 2062 ποθῶν
297 2000 395 2072 αὐτοῦ,
411 2001 457 2070 ἕως
469 2004 506 2061 έτι
521 2010 627 2080 περιῆν,
654 2006 816 2062 θεάσασθαι

63 2095 112 2160 τὴν
127 2090 278 2146 τελευταίαν
291 2092 440 2165 πρόσοψιν·
455 2088 659 2164 έδόκτιγάρδπό
673 2091 723 2144 τῶν
734 2109 815 2163 τραυ-

63 2179 155 2249 μάτων
168 2168 217 2229 σδκ
236 2171 270 2239 εἷς
282 2176 387 2248 μακράν
402 2174 652 2246 διαφθαρήσεσθαι.
666 2171 712 2227 καὶ
724 2170 814 2240 ἐπειδὴ

64 2259 172 2333 διέφυγε
186 2258 233 2311 τόν
245 2259 375 2323 θάνατον,
395 2256 483 2314 είκόνα
495 2260 594 2326 χαλκῆν
610 2256 722 2313 ἔνοπλον
734 2253 750 2310 ὅ
765 2256 815 2325 δῆ-

62 2365 112 2414 μος
126 2343 233 2410 ἔστησεν
246 2337 338 2406 αὐτοῦ,
354 2344 398 2410 τῆς
411 2339 509 2416 άγοράς
523 2345 549 2396 ἐν
562 2341 598 2413 τῷ
611 2339 755 2415 κρατίστῳ·
767 2339 813 2395 καί

60 2427 151 2503 χάραν
163 2430 192 2482 ἐκ
205 2427 250 2495 τῆς
264 2425 391 2496 δημοσίας
403 2424 505 2493 ἔδωκεν,
520 2422 585 2495 ὅσην
599 2420 679 2488 αὖιδς
691 2427 719 2479 έν
731 2419 815 2500 ἡμέρᾳ
883 2459 886 2465 ·

65 2512 114 2586 ιιιᾷ
127 2509 210 2583 ζείγτι
221 2510 293 2584 βοῶν
306 2509 481 2584 περιαρόσειε,
496 2509 575 2586 χωρίς
590 2507 617 2564 δέ
633 2508 684 2564 τῶν
698 2506 814 2581 δημοσία

64 2595 208 2662 δοθέντων,
235 2594 307 2650 κατά
332 2594 451 2666 κεφαλὴν
479 2592 591 2660 ἕκαστος
618 2589 726 2661 δενδρίον
739 2586 835 2646 τεκαὶ
