1890 2970
88 104 139 165 346
199 100 358 155 οιοανεσ
376 58 718 154 σετιαεοωεεεσωετε

92 213 141 282 νήν
153 210 340 280 ἀποσταλῆναι
352 215 409 276 τοίς
432 212 580 286 Τυρρηνοῖς
599 211 762 283 συμμαχίαν,
782 206 850 264 ἀλλά

88 297 230 372 ἐθέλονταί
242 318 310 362 τινες
327 295 512 370 έπεκοίνρησαν
525 291 618 361 αάτοίς
637 291 723 367 δλίγοι
737 297 851 367 μισθοῖς

88 382 212 456 μεγάλοις
237 381 412 452 ὑπαχθέντες.
436 385 463 436 έκ
478 381 574 450 ταύτης
587 384 633 450 τῆς
655 383 749 452 μάχης,
771 381 848 454 μεγί-

89 487 152 537 στης
162 469 215 523 τῶν
225 469 359 542 προτέρων
371 468 520 540 γενομένης,
549 461 615 530 ὅσας
640 468 708 539 πρὸς
720 463 851 534 ἀλλήλους

90 552 269 626 ἐπολέμησαν,
297 555 331 606 τά
343 552 391 622 μέν
413 546 550 622 Ῥωμαίων
563 551 710 624 πράγματα
736 554 848 621 θαυμα-

89 638 156 705 στήν
166 633 233 706 ὅσην
244 636 368 692 ἐπίδοσιν
380 635 465 708 ἔλαβε,
481 638 556 705 νίκην
568 637 771 709 ἐξενεγκαμένων
784 638 848 690 καλ·

89 722 189 791 λίστην,
214 720 261 776 καί
284 723 390 793 Ιόασιλεί
410 721 558 795 ’Ταρκυνίῳ
570 720 618 788 τήν
643 723 848 794 τροπαιοφόρον

89 807 200 878 πομπήν
213 806 339 879 κατάγειν
358 802 404 872 ἥτε
415 808 502 879 βουλή
517 805 563 861 καί
581 804 597 860 ὁ
618 805 700 879 δῆμος
711 805 846 879 έφηφίσα-

91 911 130 946 το.
156 911 190 946 τα
182 891 293 946 δὲτῶν
312 890 493 964 Τυρρηνῶν
479 911 553 947 επεσε
560 892 734 998 φρονήματα,
763 889 850 952 πάσας

89 977 138 1047 μέν
151 971 425 1038 ίξαπουτειλάντων’
403 997 438 1039 εις
459 972 536 1030 τδν’
519 978 609 1047 αγῶνα
630 979 675 1040 τάς
699 999 724 1041 ε
713 977 849 1046 ἑκάστης

91 1063 188 1125 πόλεως
202 1056 366 1132 δυνάμειςβ
350 1063 380 1114 ολ
383 1061 457 1132 ίγους
470 1059 498 1116 δέ
511 1081 582 1126 τινας
592 1060 654 1125 τοὺς
667 1059 851 1124 διασωθέντας

92 1149 120 1200 ἐκ
133 1148 236 1202 πολλῶν
249 1142 454 1217 ὑποδεξαμένων.
483 1142 510 1200 οἱ
523 1145 571 1216 μὲν
583 1147 636 1220 γάρ
661 1145 736 1200 ἐν
703 1167 735 1218 τῃ
761 1166 889 1243 παρα-

93 1231 160 1294 τάξει
171 1231 319 1303 μαχόμενοι
332 1231 526 1297 κατεκόπησαν,
541 1225 603 1286 οἶδ’
615 1230 683 1284 έν
651 1251 681 1302 τη
693 1251 780 1304 τροπη
768 1209 889 1286 δυο

92 1316 198 1389 χωρίοις
221 1315 412 1422 ἐγκυρήσαντες
437 1311 578 1380 ἀνεξόδοις,
619 1314 772 1389 παρέδοσαν
797 1317 852 1379 τοῖς

93 1400 282 1476 κεκρατηκόσιν
299 1399 418 1464 ἑαυτοὺς.
445 1400 569 1467 τοιαύτης
593 1401 683 1472 μέντοι
711 1399 851 1476 συμφοράς

93 1487 266 1560 πειραθέντες
292 1483 318 1540 οἱ
333 1482 516 1540 δυνατώτατοι
542 1487 592 1539 τῶν
605 1488 634 1540 ἐν
652 1487 709 1547 ταῖς
735 1485 850 1549 πόλεσιν,

94 1570 172 1645 ἔργον
197 1571 326 1637 ἐποίησαν
340 1566 493 1643 ἀνθρώπων
508 1569 663 1673 φρρνίμων.
689 1570 779 1645 ἑτέραν
799 1570 851 1644 γάρ

94 1658 225 1730 στρατιάν
237 1656 413 1729 ἐξαγαγόντος
426 1649 465 1708 ἐπ
482 1650 580 1719 αὐτοὺς
598 1655 726 1726 βασιλέως
741 1662 850 1726 Ταρκυ-

95 1741 170 1821 νίου,
185 1745 362 1808 συναχθέντες
381 1736 416 1800 εἷς
430 1741 496 1809 μίαν
514 1735 632 1815 ἀγοράν,
656 1760 717 1813 περι
707 1737 850 1794 καταλί-

96 1845 159 1890 σεως
171 1845 219 1880 του
234 1827 352 1895 πολέμου
372 1822 546 1894 διαλέγεσθαι
558 1825 624 1900 πρὸς
638 1818 721 1878 αὐτόν
746 1823 851 1894 έφηφί-

96 1928 193 1966 σοντο
216 1907 264 1964 καί
286 1912 423 1983 πέμπουσι
436 1911 498 1973 τούς
523 1909 725 1985 πρεσβυτάτους
751 1901 852 1981 ἀνδρας

95 1993 141 2050 καί
154 1995 324 2067 τιμιωτάτους
337 1997 364 2060 ἐξ
375 1995 487 2063 ἑκάστης
510 1996 644 2059 πόλεως,
651 1989 851 2067 αὐτοκράτορας

95 2075 280 2145 ἀποδείξαντες
292 2081 344 2135 τῶν
357 2080 416 2153 περί
429 2083 475 2148 τῆς
492 2075 595 2154 εἰρήνης
608 2078 764 2179 ὁμολογιῶν.

158 2161 219 2219 LX.
243 2160 281 2218 ‘0
308 2163 338 2218 δε
348 2160 510 2236 βασιλευς
492 2162 612 2227 ακοδσας
634 2159 738 2230 αὐτῶν,
763 2163 851 2217 πολλά

98 2249 289 2321 διαλεχθέντων
302 2249 428 2322 ἐπαγωγά
442 2249 533 2346 πρός
528 2247 669 2324 ἐπιείκειαν
686 2245 731 2303 καί
743 2249 848 2320 μετρεό-

96 2354 168 2402 τητα,
195 2331 241 2387 καί
260 2336 306 2401 της
331 2331 494 2407 συγγενείας,
516 2317 546 2398 ής
571 2326 623 2401 ειχε
633 2353 699 2406 προς
712 2333 742 2386 τδ
756 2331 849 2400 ἔθνος,

97 2415 392 2522 ὑπομιμνησκόντων,
377 2438 405 2472 εν
423 2417 504 2470 τοῦτο
524 2418 609 2487 μόνον
628 2437 679 2487 εφη
696 2416 851 2489 βοδλεσθαι

95 2523 152 2575 παρ
174 2497 261 2556 αὐτῶν
272 2505 390 2574 μαθεῖν,
409 2502 522 2575 πότερον
540 2522 578 2556 ετι
598 2500 770 2575 διαφέρονται
790 2499 853 2575 περί

85 2587 138 2641 τῶν
160 2589 229 2645 ι”σων
260 2587 309 2646 καί
329 2587 374 2647 έπί
393 2589 484 2666 ῥυτοῖς
503 2607 559 2644 τισι
580 2586 628 2649 τάς
650 2583 712 2661 περὶ
736 2589 782 2653 τῆς
808 2582 846 2640 εί-
