1890 2970
15 382 28 447 ι’.

10 486 29 523 Ιί

13 572 28 608 2

154 105 428 173 ANTIQVITATVM
446 103 581 156 αοωεα.
600 104 718 155 mvl.
772 111 821 166 εει

68 208 112 280 ,,εῖ
125 210 153 268 δι’
167 211 398 287 συγχωρήσαιμεν,
418 205 435 279 ἡ
449 209 542 285 πατρίς
555 206 619 284 ἡμῖν
633 208 765 278 οἰχήσεται
779 211 823 266 καῖ

10 340 25 353 ..
68 293 104 367 ,,ίχ
119 297 247 362 πολιτεία,
262 297 328 369 πρός
339 289 412 366 ἡμῶν
423 289 510 350 αεῖτῶν
525 295 716 365 καταλυομένη.
731 291 775 349 καί
789 289 822 350 οιῖ

69 380 261 456 ,,προστίθημι
287 378 421 447 ἐνταῦθα,
450 374 494 435 ὅτι
519 381 643 451 πολεμεῖν
670 379 823 448 ἐπιτηδείων

69 465 217 537 ,,σωμοίτων
242 460 345 535 ίημῖνέν
362 463 397 536 τῷ
422 465 537 537 παρόντι
559 462 607 529 δεῖ,
635 457 668 518 οὗ
693 465 822 537 γεωργῶν,

68 545 150 616 ,,οιῖδί
163 550 261 618 θητῶν,
278 543 339 604 οὐδ’
358 549 487 621 ἐμπόρων,
502 542 565 603 οεῖδό
577 549 628 602 τῶν
642 545 702 620 περί
716 548 762 610 τιὶς
773 548 822 618 βα·

67 633 203 701 ,,ναδσους
222 633 311 702 τέχνας
336 629 552 705 ἀσχολουμένων,
579 626 626 695 οὓς
652 626 709 700 ἅμα
735 629 823 698 δεήσει

67 719 237 789 ,,μανθάνειν
250 719 283 771 τά
297 717 439 788 πολεμικοί,
465 706 513 772 καί
530 717 626 789 πεῖραν
645 711 731 770 αιῖτῶν
751 714 822 770 διδό-

66 822 147 868 ,,ναι·
170 803 270 871 χαλεπὴ
291 801 319 856 δὲ
338 803 417 874 πεῖρα
431 803 482 858 τῶν
499 801 537 872 μὴ
551 803 579 856 ίν
591 799 663 856 ἔθει·
677 796 782 871 ἀνάγκη
795 800 824 854 δὲ

66 884 225 954 ,,τοιοδτονς
244 879 314 941 εῖναι
339 885 402 948 τοὺς
426 883 575 957 σύγκλυδας
600 882 645 939 καὶ
669 887 698 940 ἐκ
723 885 823 948 παντὸς

66 969 184 1034 ,,ῖθνοας
208 970 456 1041 μετανισταμένους.
482 968 671 1045 στρατιωτικήν
688 969 740 1043 γείρ
761 963 822 1022 οὕτε

20 1098 25 1129 .·
66 1053 138 1127 ,,ὁρῶ
152 1054 304 1124 συμμαχίαν
323 1048 386 1125 ἡμῖν
404 1047 533 1123 οιῖδεμίαν
552 1054 734 1119 συνεστῶσαν,
754 1046 821 1115 σῖτ’,

10 1168 19 1213 ,Ι

10 1242 26 1297 β’

10 1404 27 1455 ε’-

67 1136 107 1204 ,,εῖ
119 1137 217 1210 φανείη
231 1157 270 1198 τις
284 1139 312 1191 ἐκ
327 1137 376 1192 τσῖι
394 1132 544 1203 ἀδοκήτου,
571 1136 768 1209 παραινὴσαιμι
787 1132 821 1191 ἀν

65 1221 150 1293 ,,δμῖν
164 1220 374 1293 παραδέξασθαι
387 1214 472 1286 αιῖτήν
484 1221 540 1283 τοῖς
551 1220 647 1288 τείχεσι
667 1221 818 1295 προχείρως,

65 1305 184 1376 ,πολλοῖς
196 1324 270 1367 τινας
280 1305 453 1373 ἐπιστάμενος
471 1305 558 1367 πόλεις
571 1307 628 1365 ταῖς
640 1299 821 1371 εἰσαχθείσαις

64 1388 126 1458 ,,ἐπῖ
140 1387 247 1462 φυλακῇ
261 1389 397 1462 στρατιαῖς
410 1384 612 1457 δεδουλωμένας.

128 1468 205 1529 LIV.
231 1466 468 1545 ,,Ἐνθυμοδμενοι
486 1469 518 1537 δη
533 1472 632 1537 ταῦτα,
656 1465 702 1524 καὶ
719 1463 771 1523 ὅσα
787 1468 819 1537 δὴ

10 1586 17 1617 ;
64 1549 819 1631 ,,ῖτεραἡμῖνεῖρηταιπρότερον,ἔτιδὲτῶνπαρακαλοδν-

10 1672 29 1683 ··
62 1640 184 1708 ,,τωνίετῖ
209 1641 256 1703 τοῖς
269 1639 414 1710 διαλλαγαῖς
433 1634 704 1711 ἀναμιμνησκόμενοι,
730 1631 773 1692 ὅτι
786 1632 819 1692 οδ

61 1719 143 1800 ,παρ’
169 1719 233 1794 ἡμῖν
249 1719 376 1796 μόνοιςῆ
400 1722 515 1796 πρώτοις
534 1722 612 1778 πενία
625 1721 692 1796 πρός
701 1721 819 1776 πλοῦτον

60 1809 233 1878 ,,ἐστασίασε,
259 1807 305 1863 καί
322 1808 479 1875 ταπεινότης
498 1807 563 1880 πρὸς
572 1805 736 1878 ἐπιφάνειαν,
762 1800 817 1860 ἀλλ’

62 1897 108 1959 ,,ίν
121 1891 246 1960 ἀπάσαις,
271 1890 305 1956 ῶς
327 1887 416 1958 εῖπεῖν,
443 1891 488 1947 καὶ
501 1894 609 1967 μικραῖς
635 1888 681 1946 καί
691 1889 825 1962 μεγσίλαις4

61 1978 174 2043 ,,πόλεσι
205 1979 333 2047 πολέμιον
366 1973 399 2038 ὧς
438 1975 471 2030 τιί
503 1975 590 2031 πολλοὶ
613 1976 663 2030 τοῖν
696 1975 817 2036 πλείονος

61 2055 409 2129 ,,τοῖλαττονκαθίσταται·
428 2061 458 2115 ἐν
471 2051 512 2122 αῖς
527 2056 554 2115 οῖ
567 2059 756 2134 προεστηκότες
769 2060 817 2112 τοῦ

61 2147 186 2214 ,,κσινοιῖ,
210 2146 397 2220 μετριάσαντες
421 2144 469 2216 μὲν
495 2141 597 2200 ἔσωσαν
612 2144 660 2207 κάς
679 2141 816 2215 πατρίδας,

61 2226 215 2303 ,,αιῖθαδείιμ
234 2230 262 2285 δὲ
276 2229 438 2303 χρησόμενοι
451 2229 517 2300 μετά
530 2231 582 2283 τῶν
601 2222 687 2283 ἀλλων
700 2222 816 2296 ἀγαθῶν

20 2326 38 2391 Ἰ
61 2313 124 2381 ,,καῖ
137 2313 209 2386 σφεῖς
222 2309 320 2378 αιῖτούς
334 2312 475 2369 διώλεσαν·
499 2311 544 2368 καί
562 2307 604 2367 ὅτι
616 2312 671 2368 πεῖν
680 2312 779 2384 χρῆμα,
801 2303 816 2363 δ

10 2394 15 2409 '
36 2451 39 2454 .
61 2395 112 2465 ,,ἀν
125 2402 154 2455 ἐκ
173 2400 276 2454 πολλῶν
289 2397 423 2454 σύνθετον
436 2385 463 2470 ᾗ,
489 2400 578 2452 νοσεῖν
590 2397 693 2465 πέφυκε
706 2396 775 2449 κατοί
792 2415 815 2448 τι

62 2486 132 2548 ,,τῶν
145 2487 172 2540 ίν
186 2477 259 2556 αὐτῷ
271 2482 380 2559 μορίων·
392 2480 437 2537 καί
451 2480 488 2538 ἔτι
499 2485 564 2553 πρός
576 2480 687 2543 τούτοις,
704 2476 737 2543 ῶς
757 2473 814 2534 οὔτ’

62 2562 438 2642 ,,ἀνθρωπείουσῶματοςαῖεῖ
451 2567 481 2622 τὸ
495 2567 596 2640 κάμνον
610 2561 753 2637 ἀποτεμεῖν
766 2563 818 2637 χρη

98 2649 209 2699 Βισαεει,
223 2651 254 2699 Τ,
264 2648 300 2700 Π,
626 2643 658 2696 X
