1890 2970
159 115 194 173 82
278 109 435 163 DIONYSII
450 107 786 164 HALICARNASSENSIS

158 218 210 272 τῶν
223 217 328 281 πδλεων,
355 214 399 272 ίπί
412 213 447 288 τῷ
466 217 606 272 σεσωκέναι
620 215 680 281 τούς
707 213 835 290 δρίστους
858 214 906 273 οἴν-

159 299 229 373 δρας,
242 295 359 374 ἡγεμόνα
371 299 566 357 ποιούνταιτού
576 299 681 367 ίθνους,
695 300 801 367 ίπὶτοῖς
813 296 908 367 αύτούς
926 332 928 336 ·

158 383 277 450 δικαίοις,
290 380 330 455 ἐφ’
344 378 383 448 οίς
400 381 547 455 Ταρκύνιόν
572 403 599 439 τε
612 386 657 440 τόν
680 385 792 440 πάππον
817 380 904 440 αύεαῖι

157 468 284 543 πρότερον
309 469 475 536 ἐποιήσαντο,
501 465 545 521 καί
569 469 635 539 μεταλ
660 470 746 523 ταῦτα
774 470 903 524 Τύλλιον·

158 551 297 620 συνθήκας
309 555 336 606 τε
349 552 498 626 γράψαντες
509 552 537 604 ἐν
550 551 663 619 στήλαις,
685 551 730 607 καί
741 553 801 626 περί
814 557 902 625 φαλα-

157 639 203 705 τῆς
209 636 259 690 τῶν
272 636 446 708 συγκειμένων
459 629 537 708 ὅρκια
550 637 702 702 τελέσαντες,
718 634 840 694 διέλυσαν
854 641 901 692 τὸν

157 717 292 792 σύλλογον.

216 799 321 860 XLIX.
350 801 440 869 Ίυχιίιν
464 800 492 855 δύ
517 805 561 870 τῆς
584 803 707 856 Λατίνων
733 799 902 875 ἧγεμονίαςὸ

161 883 309 960 Ταρκύνιος
322 882 516 958 ἐπρεσβεύσατο
529 887 594 961 πρὸς
607 888 652 948 τοὶς
661 881 786 959 Ἑρνίκων
805 889 900 953 πόλεις,

155 969 202 1026 καί
215 970 281 1042 πρὸς
292 970 339 1033 ταίς
355 964 537 1035 Οὐολούσκων,
552 967 766 1043 προκαλούμενος
781 965 904 1044 κρίκείνας

157 1050 192 1117 είς
203 1052 295 1124 φιλίαν
305 1072 331 1109 τε
344 1050 391 1108 καί
408 1052 568 1125 συμμαχίαν.
594 1056 622 1108 ίκ
640 1053 689 1125 μίν
701 1044 750 1109 ούν
763 1056 811 1109 τού
830 1049 904 1110 Θύο-

157 1136 276 1194 λούσκων
288 1135 384 1199 εθνσυς
398 1134 446 1193 δύο
459 1137 546 1201 πόλεις
558 1137 674 1200 ἐδέξαντο
686 1139 768 1211 μδναι
781 1138 825 1202 τοὶς
837 1159 904 1212 προ·

157 1222 265 1291 κλήσεις,
289 1215 443 1296 ’Ἐχετρανοί
465 1241 492 1276 τε
507 1218 553 1276 καί
574 1215 715 1276 Ἀντιάται·
739 1218 856 1326 Ἕρνικες
875 1222 905 1277 δὲ

158 1325 274 1368 απανεες
306 1304 486 1378 ἐψηφίσαντο
501 1299 587 1360 ποιεῖν
600 1306 647 1374 την
667 1305 826 1377 συμμαχιαν.
852 1307 902 1360 τού

159 1387 229 1445 δεέ
195 1412 215 1462 μ
216 1391 283 1445 ένειν
296 1386 331 1452 εἷς
343 1384 450 1443 ἅπαντα
462 1388 510 1442 τδν
518 1388 615 1463 χρόνον
628 1409 661 1443 τα
655 1388 832 1461 συγκείμενα
844 1393 904 1454 ταῖς

158 1442 250 1529 πόλεσι
262 1471 414 1545 πρύνοιανδ
424 1469 569 1545 Ταρκύνιος
579 1470 761 1545 λαμβύνων,’
751 1473 804 1546 ιερδ
806 1494 821 1528 ν
835 1472 903 1548 ἔγνω

155 1559 246 1612 κοινδν
272 1553 409 1621 ἀποδεῖξαι
429 1551 562 1628 Ῥωμαίων
586 1575 614 1611 τε
639 1554 684 1612 καί
707 1556 832 1612 Λατίνων
856 1556 905 1611 καί

156 1635 290 1714 Ἑρνίκων,
316 1638 363 1695 καί
379 1634 552 1695 Οὐολούσκων
570 1642 622 1695 τῶν
648 1642 855 1713 ἐγγραψαμένων
867 1637 905 1704 εἷς

157 1725 205 1792 τὴν
219 1724 378 1797 συμμαχίαν,
398 1721 442 1778 ίνα
455 1724 637 1796 συνερχόμενοι
649 1719 714 1779 nab*
728 1723 838 1780 ἕκαστον
849 1727 904 1779 ίνι·

157 1808 240 1862 αυτδν
266 1805 300 1870 είς
318 1808 364 1861 τδν
386 1802 581 1876 ἀποδειχθέντα
600 1807 682 1862 τύπον
706 1807 904 1880 πανηγυρίζωσι

156 1890 201 1946 καί
214 1891 407 1955 συνεστιῶνται,
427 1888 473 1944 καί
486 1891 580 1945 κοινῶν
598 1888 673 1964 ἱερῶν
690 1892 904 1962 μεταλαμβύνω,

155 1992 207 2029 σιν
221 1971 360 2075 ύχαπητῶς
373 1971 513 2029 δίποίντων
523 1976 552 2029 τί
565 1975 678 2046 πρᾶγμα
694 1975 846 2049 δε,ξαμε’νων
856 1977 904 2030 τό·

154 2075 206 2112 πον
217 2057 265 2130 μὲν
279 2054 411 2120 απὲδειξεν
424 2056 696 2126 ἔνθαποιησονται“
667 2078 714 2125 την
725 2058 847 2128 σύνοδον,
875 2065 904 2115 ἐν

154 2133 224 2215 μίσω
236 2142 397 2215 μοίλιστα”
363 2161 414 2196 των
434 2142 521 2197 ἐθνῶν
543 2141 713 2213 κείμενον,
697 2161 759 2242 ορος
784 2141 903 2216 ύψηλὸν,

155 2246 169 2279 ο
183 2227 228 2296 τῆς
237 2221 393 2296 Ἄλβανῶν“
380 2227 528 2299 υπέρκειται
540 2225 645 2291 πόλεως,
659 2230 686 2282 ίν
699 2247 719 2280 ω
737 2226 905 2301 πανηγύρεις

153 2328 181 2364 τε
193 2306 246 2365 ανιί
258 2309 311 2363 παν
323 2309 379 2373 εεος
390 2303 517 2381 ίίγεσθαι,
532 2308 578 2365 καί
595 2310 734 2384 ἐκεχειρίας
747 2304 814 2366 εἶναι
832 2333 904 2369 πααι

152 2392 218 2466 πρδς
230 2413 332 2458 παντας
343 2395 533 2463 ἐνομοθίτησε,
553 2394 654 2460 θυσίας
665 2414 692 2450 τε
711 2397 902 2453 συντελεῖσθαι

153 2479 241 2541 κοινούς
253 2496 287 2551 πρ
277 2475 451 2550 ”καλουμίνιρ
467 2480 604 2552 Λατιαρίω
628 2479 678 2534 Διί
699 2477 744 2534 καί
762 2483 902 2536 οννεατιιλ-
941 2519 945 2558 1

145 2579 207 2631 αεις,
222 2531 333 2628 νύξας’
314 2581 333 2618 α
347 2559 386 2618 δελ
373 2561 512 2640 ίπαρίχειν
524 2562 635 2632 ἑκιίστην
647 2564 757 2618 πόλιν’
735 2584 771 2624 εις
782 2565 817 2619 τιί
830 2561 899 2638 ἱεροί,
940 2555 945 2608 ἕ

45 2726 86 2792 k
169 2729 173 2738 .
