1890 2970
174 101 456 181 Λυτιονιεατυεε
473 115 609 172 Rom.
628 119 693 172 mn.
709 119 731 173 ε.
802 127 842 184 ,οε

69 237 172 285 ματος,
200 219 317 290 ἐξῆλθον
333 224 362 278 όν
383 224 552 292 τῆςπόλεως,
577 227 742 297 φυλάξαντες
754 225 841 284 νίικτα

71 299 216 374 ἀσέληνον.
242 299 326 370 εὕθός
340 305 369 362 δι’
395 309 594 384 προσβαλόντες
613 309 650 383 τῷ
671 314 839 386 χοίρακιτόίν

69 390 220 464 πολεμίων,
250 383 427 465 ἀςίγγυτοίτω
441 397 487 464 τῆς
500 395 610 457 πόλεως·
619 393 718 462 ἔκειτο,
745 396 793 452 καί
807 386 840 466 ήν

68 474 246 549 προτείχισμα
260 478 306 547 τῆς
318 471 400 548 ἄλλης
412 477 556 548 δυνάμεως,
576 481 605 534 ἐν
618 477 722 554 ίρυμνῷ
734 501 762 536 τε
774 502 837 536 κατ·

69 560 264 634 εοκευασμίνος
287 561 383 636 χωρίῳ,
413 561 458 618 καί
483 564 533 632 τήν
553 562 701 637 κρατίστην
727 566 838 636 νεότητα
873 589 877 596 ·

69 646 121 699 τῶν
150 647 298 720 Τυῤῥηνόιν
317 646 395 717 ἔχων,
433 633 465 716 ής
484 642 576 720 ήγείτο
600 649 756 704 Μεσεντίου
774 653 838 715 παῖς

69 731 182 796 Λαῦσος
195 729 292 804 ὄνομα,
314 727 425 796 οὐδενός
437 731 634 832 προειδομίνου
656 733 705 802 τήν
726 731 835 803 ίφοδον,

70 811 196 889 αἱροῦσιν
208 817 317 882 ἐκτενῶς
329 816 361 871 τδ
377 815 471 891 ἔρυμα.
494 820 523 874 ἐν
537 839 556 890 φ
572 816 601 872 δι’
614 818 645 873 τό
661 817 761 889 χωρίον
774 819 835 872 τοδ-

67 919 97 953 το
110 895 244 970 ήλίσκετο,
267 902 324 974 φῶς
342 921 369 958 τε
384 897 498 977 ἀκαιρον
512 902 623 976 δρῶντες
638 899 665 957 ολ
677 905 707 956 ἐν
720 903 777 967 τοῖς
789 922 835 956 πε-

67 983 134 1050 δίοις
146 987 430 1062 ἐστρατοπεδευκότες,
445 985 492 1044 καλ
499 987 569 1059 βοήν
582 987 634 1041 τῶν
642 982 833 1057 ἀπολλυμίνων

67 1065 214 1137 ἀκούοντες
219 1114 228 1139 ,
258 1069 360 1148 ίφυγον
373 1074 524 1136 ἐκλιπόντες
542 1071 605 1136 τοὺς
623 1073 765 1133 ταπεινοὺς
783 1072 832 1125 τό-

67 1175 135 1220 πους
148 1154 195 1211 ἐπί
208 1154 242 1212 τό
256 1155 314 1233 ίίρη.
328 1159 356 1212 ἐν
370 1156 400 1214 δὲ
418 1156 504 1230 τοίπερ
522 1155 607 1225 πολλή
633 1158 735 1230 ἐγίνετο
749 1172 829 1226 ταρα·

65 1241 99 1309 χή
126 1239 172 1296 καί
198 1243 337 1317 θόρυβος,
364 1235 411 1298 σία
435 1245 464 1299 ἐν
489 1241 566 1298 νακτλ
578 1243 735 1314 κινουμένης
747 1258 830 1313 στρα-

13 1350 16 1354 ·
66 1325 131 1393 τιᾶς,
146 1323 181 1391 ὥς
194 1321 292 1382 αάιίκα
310 1326 384 1400 μιίλα
402 1329 454 1383 τῶν
472 1328 605 1398 πολεμίων
618 1327 711 1398 σφίσιν
731 1328 829 1391 ἐπιθη-

65 1413 184 1482 σομένων
197 1407 230 1467 οὔ
244 1412 294 1467 οὑν
308 1408 476 1485 κόσμῳόὖδί
495 1414 564 1467 κατὰ
578 1412 635 1482 ιε’λη
656 1412 774 1468 ἑστῶσιν.
802 1405 828 1464 οἱ

65 1494 95 1551 δί
107 1499 232 1562 Λατίνου,
248 1497 339 1565 ἐπειδή
352 1498 423 1553 τότε
436 1496 571 1574 φρούριον
588 1500 615 1560 ἐξ
626 1495 729 1568 ἐφόδου
742 1514 828 1550 κατει-

64 1580 190 1651 λήφεσαν,
206 1578 251 1637 καί
265 1583 295 1637 τό
309 1576 375 1638 ἀλλο
383 1584 534 1657 στράτευμα
546 1581 653 1653 ίμαθον
666 1579 829 1654 τεταραγμέ-

64 1686 119 1731 νον,
135 1667 269 1722 ἐπέκειντο
285 1663 379 1731 αὐτοῖς
391 1668 538 1730 κτείνοντες
551 1665 598 1723 καὶ
617 1665 762 1728 διώκοντες.
778 1664 830 1718 τῶν

65 1743 88 1804 δ’
104 1745 155 1820 οὐχ
167 1746 240 1816 ὅπως
251 1750 290 1816 τὶς
304 1753 372 1827 πρός
388 1750 472 1822 ἀλκήν
485 1750 641 1826 τραπέσθαι
655 1748 828 1822 ἐπεχείρησεν,

65 1830 121 1890 ἀλλ’
137 1831 200 1891 οὐδὲ
213 1839 317 1907 μαθεῖν
330 1841 359 1893 ἐν
372 1831 412 1902 οἷς
425 1841 517 1903 κακοῖς
529 1824 562 1906 ήν
582 1835 711 1892 ἐδίνατο·
734 1832 786 1889 ὑπὸ
801 1829 829 1885 δὲ
876 1864 879 1869 ·

64 1918 195 1994 θορίιβου
208 1919 254 1976 καὶ
268 1917 424 1994 ἀμηχανίας,
441 1921 467 1977 οἱ
484 1924 533 1994 μὲν
552 1923 621 1977 κατά
634 1920 757 1997 κρημνῶν
777 1936 828 1987 φε-

66 2007 175 2081 ρόμενοι
187 2005 386 2082 διεφθείροντο,
400 2005 428 2062 οἱ
442 2002 467 2061 δ’
482 2005 517 2070 τίς
529 2007 672 2081 φάραγγας
690 2000 831 2067 ἀνεξόδους

66 2092 242 2162 ἐμπίπτοντες
254 2086 411 2161 ήλίσκοντοΙ
426 2091 452 2146 οἱ
467 2091 496 2146 όί
508 2094 629 2147 πλεῖστοι
642 2087 830 2163 ἀγνοήσαντες,

67 2172 197 2244 ἀλλήλους
220 2173 274 2231 ἀνά
287 2178 318 2231 τὸ
333 2178 427 2240 σκότος
446 2171 498 2232 ὅσα
523 2175 668 2246 πολεμίους
694 2171 831 2234 διέθεσαν,

66 2260 112 2317 καλ
126 2260 142 2316 ὅ
156 2263 282 2326 πλείστας
293 2257 383 2317 αάτῶν
397 2262 504 2334 φθόρος
519 2257 713 2328 ἀλληλοκτόνος
720 2256 830 2326 ίγίνετο.

69 2327 215 2411 Μείιίντιος
229 2346 258 2401 δι’
271 2347 322 2403 σὺν
341 2343 440 2420 ὀλίγοις
462 2347 547 2416 λόφον
572 2343 632 2426 τινα
659 2336 827 2410 καταλαβὼν,

65 2430 157 2501 ἐπειδή
169 2431 220 2488 τοδ
235 2431 333 2496 παιδός
344 2433 392 2486 τόν
402 2432 487 2504 μόρον
502 2426 614 2498 ήκουσε,
630 2424 676 2481 καὶ
694 2419 757 2489 ὅσος
775 2417 829 2479 αὖ·

63 2517 103 2581 τῷ
118 2516 233 2587 στρατός
242 2515 406 2591 διιφθαρτσ,
422 2520 453 2574 ἐν
467 2516 516 2597 οίιμ
529 2540 558 2579 τε
570 2515 846 2602 χορίῳκατακεκλει-

41 2587 95 2648 καλ
104 2593 208 2646 ἑαυτόν
217 2585 257 2663 ἀνι
275 2597 314 2664 ὥς
324 2605 356 2658 ἐν
371 2601 485 2693 ἀπορίην
502 2614 666 2699 χρήματος,
681 2613 797 2700 ἔπεμψε
810 2606 862 2681 μὴ.
