1890 2970
146 112 180 168 10
268 103 426 156 DIONYSII
442 99 784 153 HAIJCARNASSENSIS

145 212 190 286 τρῖ,
216 208 264 266 καί
289 209 396 263 πάντων
415 204 489 264 αίτία
514 209 642 308 γενομένη
661 209 713 263 τῶν
739 204 902 281 άγαθῶνῇ
886 235 904 280 η

146 296 196 353 τού
220 294 433 363 τετελευτηκότος
457 278 625 366 βασιλέως
609 313 642 361 ην
655 293 733 366 γυνη,
747 293 862 369 γαμβρῷ
875 315 905 350 τε

147 379 375 454 συλλαμβάνουσα
392 373 465 450 ίδίιρ,
492 398 538 433 και
527 373 578 432 ἐκ
592 378 696 432 πολλῶν
720 381 905 451 συνεγνωκυῖα

147 465 303 537 θεσφάτων,
318 433 544 535 ὅτιβασιλεύσαι“
541 461 726 535 Ρωμαίωντόν
738 457 905 538 άνδραέιιεί-

147 568 194 605 νον
207 547 326 622 εἵμαρτο.
340 545 415 616 ἔτυχε
428 545 457 602 δέ
471 540 540 620 αύτῇ
553 546 658 610 νεανίας
668 546 719 618 μέν
732 545 790 612 ύιός
802 542 836 602 ού
849 549 903 622 πρά

147 633 248 689 πολλού
261 630 445 701 τετελευτηκὼς
455 631 563 706 χρόνου,
590 629 687 686 παιδία
707 630 736 686 δέ
755 634 783 696 ἐξ
799 632 902 688 ἐκείνου

148 717 240 773 δύο’
210 737 294 785 νηπια
307 717 526 788 καταλειπόμενα.
540 717 728 817 ἐνθυμουμένη
747 715 825 771 δέ
796 737 843 784 την
856 728 901 772 πε·

147 823 174 877 ρι
165 799 234 857 τὸν
247 794 349 856 οῖκσν’
335 800 455 875 ερημίαν,
482 821 529 855 και
518 787 717 873 περιδεὴς
685 819 756 855 ουσα
768 801 806 905 μὴ
819 821 901 856 κατα-

148 882 293 956 σχόντες’
266 906 293 939 οι
306 887 432 959 Μάρκιοι
443 884 491 953 τήν
504 880 589 959 άρχὴν
603 884 732 987 αἴρωνται
744 886 777 940 τά
796 883 901 949 παιδία,

147 969 192 1025 καί
214 971 305 1025 πᾶσαν
319 971 368 1037 την
393 969 536 1040 βασιλικὴν
561 969 717 1043 συγγένειαν
740 965 902 1039 άφανίσοισι,

147 1055 252 1127 πρῶτον
274 1053 322 1124 μέν
335 1054 382 1117 τάς
394 1055 446 1108 τῶν
458 1052 600 1126 βασιλείαν
618 1051 709 1128 θύρας
724 1051 830 1119 ἔκλεισε,
856 1051 905 1109 καί

147 1136 269 1207 φύλακας
282 1133 323 1192 ἐπ’
338 1132 421 1202 αύτάς
432 1137 566 1207 ἐπέστησε,
585 1136 806 1210 διακελευσαμένη
823 1136 905 1209 μηδέ-

147 1242 181 1276 να
195 1219 461 1294 παρὶέναιμὴτεέσω
472 1221 538 1294 μήτε
563 1220 624 1287 ἔξω·
650 1219 730 1278 ἔπειτ’
750 1224 839 1278 ἐντού
854 1222 905 1278 δυ-

147 1306 248 1376 ματίου
262 1306 364 1370 πάντας
373 1308 490 1372 ἐξελθεῖν
509 1305 656 1363 κελεύσασα
668 1307 733 1372 τούς
744 1302 849 1373 άλλους,
875 1310 906 1362 έν

148 1377 225 1463 ᾧτόν
242 1390 392 1465 Ταρκύνιον
404 1386 543 1463 ἡμιθνῆτα
556 1389 669 1457 ἔθεσαν,
685 1393 733 1461 τὴν
748 1391 777 1446 δέ
788 1385 905 1466 Ὀκρισί

148 1475 190 1544 αν,
205 1473 250 1531 καί
264 1476 311 1530 τὸν
327 1476 448 1542 Τύλλιον,
469 1474 516 1531 καί
527 1475 577 1543 την
597 1476 739 1550 θυγατέρα
751 1477 800 1545 τήν
813 1495 904 1533 συνοι·

147 1563 249 1618 κούσαν
262 1559 297 1632 τῷ
318 1561 426 1630 Τυλλίῳ,
442 1560 622 1628 κατασχοῦσα,
636 1557 682 1615 καί
692 1581 726 1614 τα
719 1558 863 1616 παιδία’
850 1562 903 1616 υπύ

147 1646 197 1699 τῶν
210 1615 627 1747 τροφάινένεγθῆναικελεύσασα,
642 1639 904 1718 λίγειπρδςαύτσύς

146 1731 318 1830 ,,Ταρκύνιος
341 1725 472 1800 ιιένημῖν,
487 1717 508 1781 ὦ
524 1727 627 1795 Τύλλιε,
654 1728 813 1800 δβοισιλεύς,
838 1725 902 1800 παρ’

147 1801 186 1885 ,ᾧ
199 1817 300 1886 τροφῆς
318 1834 365 1867 και
354 1810 537 1876 παιδείας*
521 1832 622 1914 ετυγις,
644 1809 769 1868 ἁπάντων
786 1815 904 1883 μάλιστα

146 1896 250 1964 ,φίλων
263 1916 291 1950 σε
303 1894 349 1950 καί
362 1897 495 1968 συγγενῶν
508 1897 629 1967 τιμήσας,
642 1893 739 1954 άνδσια
751 1896 850 1953 παθὼν
862 1900 905 1952 έκ-

146 1978 360 2054 ,,πνπλήρισιιε“
330 1999 378 2047 την
391 1981 488 2036 ἑαυτοῦ
500 1984 608 2053 μοῖραν,
623 1975 684 2037 σύττ
697 1979 755 2056 περί
766 1983 818 2036 τῶν
829 1978 905 2037 ἰδίων

148 2064 331 2136 ,,πραγμάτσιν
343 2061 501 2136 διαθέμενος
513 2061 602 2132 σύδέν,
629 2060 691 2120 οὔτε
705 2064 764 2140 περί
777 2067 828 2120 τῶν
842 2085 905 2120 κοι-

147 2148 218 2211 ,μῶν
228 2145 274 2202 καί
288 2148 428 2204 πολιτικῶν
441 2147 605 2221 ἐπισκήψας,
627 2145 682 2204 ἄλλ’
696 2144 761 2206 ούδέ
773 2146 905 2205 άσπάσα-

147 2232 238 2296 ,,σθαί
243 2251 302 2287 τινα
309 2228 391 2303 ἡμῶν,
405 2228 468 2288 σύδέ
481 2233 906 2307 προσαγορεύσαιτσύςίσγάτους

147 2313 327 2386 ,,άσπασμσύς
342 2316 475 2385 δυνηθείς.
489 2316 574 2392 έρημα
589 2317 617 2373 δὲ
631 2315 676 2374 καί
689 2314 796 2392 ὀρφανά
808 2319 843 2374 τά
858 2318 907 2374 δύ-

147 2420 249 2468 ,,στηνα
262 2399 340 2456 ταυτί
354 2399 450 2458 παιδία
464 2402 657 2469 καταλείπεται,
673 2402 798 2459 κίνδυνον
811 2398 844 2459 ού
859 2404 908 2458 τάν

147 2487 301 2554 ,ἐλάχιστον
316 2483 383 2559 ύπέρ
396 2487 441 2554 τῆς
466 2489 552 2559 ψυχῆς
576 2487 716 2563 τρέχοντα·
742 2484 766 2542 εί
789 2490 843 2564 γάρ
862 2486 908 2544 ἐπὶ

142 2569 306 2649 ,Μαρκίοις
334 2573 390 2637 τοῖς
415 2566 539 2628 άνελσύσι
552 2572 599 2627 τδν
612 2571 726 2627 πάππον
740 2567 844 2640 αὐτῶν,
874 2575 906 2628 τά
941 2592 943 2602 ·
