1890 2970
110 115 159 174 174
218 113 379 166 DIONYSII
399 112 746 169 HALICARNASSENSIS

109 225 165 285 τοῖς
178 223 344 286 ἐπεισάκτοις
362 225 390 278 έν
410 218 500 298 άγορρῖ
517 226 610 279 θεῖναι
629 221 764 296 φαντροδς
782 213 870 278 άπασι

107 310 163 372 τοῖς
176 309 307 376 πολίταις,
322 306 367 362 ἵνα
380 307 629 383 μήσυμμοταπίπτῃ
643 310 676 362 τά
686 308 764 364 κοινά
777 305 870 362 δίκαια

107 395 166 456 ταῖς
176 395 229 448 τῶν
242 389 379 468 άργόντων
391 393 530 458 ἐξουσίαις,
545 391 573 448 οἳ
590 395 717 467 λαβόντες
731 393 807 468 παρά
820 393 869 446 τοῖι

108 477 197 552 δήμου
208 479 257 546 τὴν
270 479 394 534 ἐξουσίαν
405 481 452 547 τῆς
465 482 621 552 συναγωγῆς
633 500 662 534 τε
680 479 725 535 καί
750 482 867 553 ἐπιγρα-

108 565 160 635 φῆς
173 558 261 618 αδτῶν
276 563 339 618 δέκα
353 558 451 637 ι’ίνδρες,
468 559 524 635 ἅμα
537 567 593 627 τοῖς
605 559 699 629 ἄλλοις
711 561 870 640 ἀνέγραψαν

107 651 213 720 νόμοις·
236 648 282 703 καί
297 647 368 704 ἔστιν
379 648 450 722 ἕκτῇ
462 651 574 725 τετάρτῃ
587 652 639 704 τῶν
657 651 804 723 λεγομένων
819 647 871 703 δοί-

109 732 171 788 δεκα
186 732 291 802 δέλτων,
305 727 338 797 άς
352 729 486 790 ἀνέθεσαν
505 738 534 790 έν
552 732 649 808 άγορρῖ.
673 730 715 790 ὅτι
737 729 765 790 δ’
781 729 830 801 οὐχ
843 730 870 789 οἱ

106 814 200 892 ἄνδρες
212 817 284 884 δέκα,
299 816 327 874 οἱ
339 820 505 891 τριακοσίοις
517 815 631 891 ὕστερον
650 817 735 875 ἔτεσιν
760 815 870 874 άποδτι-

109 906 215 975 χθέντος
228 903 273 960 ἒπί
286 905 335 972 τήν
349 901 510 976 άναγραφὴν
523 906 574 960 τῶν
588 905 685 976 νόμων,
699 907 801 978 πρῶτοι
813 900 869 958 εἶσ-

110 990 244 1064 ηγὴσαντο
267 985 408 1060 Ῥωμαίοις
419 992 467 1045 τόν
479 991 576 1059 νόμον,
593 984 648 1044 ἀλλ’
662 992 691 1044 ἐκ
702 991 803 1045 πολλοῖι
817 990 869 1043 κεί·

108 1094 189 1148 μονον
200 1076 401 1147 παραλαβόντες
413 1069 464 1139 οὔκ
477 1076 627 1146 ἐτόλμησαν
640 1070 750 1142 άνείεῖν,
766 1078 795 1129 ἐκ
805 1076 870 1129 ποί·

109 1160 161 1214 λῶν
172 1159 221 1229 μὲν
234 1160 280 1214 καί
294 1154 379 1214 ἄλλων
393 1161 650 1232 καταλαμβάνομεν,
669 1159 786 1230 μάλιστα
798 1154 828 1212 δ’
842 1163 871 1214 ἐκ

110 1247 161 1299 τῶν
177 1245 259 1314 Νομᾶ
273 1245 432 1317 Πομπιλίου
446 1246 495 1298 τοῦ
507 1247 573 1316 μετά
586 1237 720 1316 Ῥωμδλον
739 1240 870 1322 ἄρξαντος

110 1330 206 1401 νόμων,
221 1333 249 1384 έν
263 1321 302 1394 οἷς
315 1328 360 1384 καί
375 1325 445 1384 οὕτω
458 1331 622 1405 γέγραπται·
637 1331 704 1394 ,ἐάν
722 1330 810 1404 πατὴρ
823 1326 870 1401 διῳ

109 1416 287 1488 ,συγχωρήσῃ
300 1417 416 1489 γυναῖκα
436 1411 606 1487 ἀγαγέσθαι,
634 1413 762 1470 κοινωνόν
775 1416 872 1486 ἐσομέ-

110 1520 178 1569 ,,κην
191 1498 267 1574 ἱερῶν
280 1499 365 1556 τεκαὶ
377 1501 520 1572 χρημάτων
538 1501 606 1555 κατά
620 1500 681 1565 τούς
695 1501 802 1572 νόμους,
815 1519 870 1571 μη-

110 1589 184 1651 „ndu
196 1587 244 1655 τὴν
256 1586 378 1650 ἐξουσίαν
391 1579 459 1639 εἶναι
472 1585 508 1658 τῷ
521 1584 604 1661 πατρί
613 1587 707 1640 πωλεῖν
720 1586 767 1641 τόν
781 1582 871 1639 διόν.“

111 1667 179 1745 ὅπερ
206 1666 303 1726 οὗκάν
329 1667 612 1745 έγραψενείμὴκατά
639 1670 701 1735 τοὺς
724 1671 873 1744 προτέρους

110 1758 210 1827 νόμους
223 1751 345 1818 ἅπαντας
357 1758 416 1824 ἐξῆν
443 1754 479 1826 τῷ
492 1755 573 1829 πατρί
587 1758 683 1810 πωλεῖν
709 1755 772 1817 τοὺς
786 1752 871 1817 διοδς.

111 1835 166 1895 ἄλλ’
191 1838 435 1913 δπέρμὲντοδτων
460 1835 529 1903 όίλις.Ι
552 1839 689 1913 βούλομαι
711 1838 740 1894 δέ
766 1839 873 1894 καὶτὸν

110 1919 191 1980 ἄλλον
204 1923 248 1979 ἐπί
262 1924 398 1997 κεφαλαίῳ
412 1923 529 1980 διελθεῖν
555 1927 671 1998 κόσμον,
700 1912 720 1997 ᾧ
734 1923 796 1990 τοὺς
819 1926 871 1978 τῶν

109 2006 219 2064 ἰδιωτῶν
232 2006 391 2081 δῬωμίνλος
403 2009 532 2082 ἐκόσμησε
552 2011 636 2083 βίους.

174 2089 312 2151 XXVIII.
330 2090 415 2167 Ὁρῶν
423 2097 476 2169 γάρ
487 2090 768 2168 δτιτὸσωφρόνωςζῇν
781 2088 868 2150 άπαν·

110 2200 166 2246 τας,
181 2177 225 2234 καί
238 2179 272 2233 τά
286 2178 379 2234 δίκαια
400 2181 452 2251 πρὸ
466 2181 518 2234 τῶν
545 2179 691 2253 κερδαλέων
717 2179 868 2254 αἱρεῖσθαι,

110 2264 250 2342 καρτερίαν
263 2285 290 2320 το
304 2263 353 2332 τήν
367 2263 428 2338 περὶ
440 2265 504 2328 τούς
517 2267 618 2330 πόνους
631 2261 733 2329 άσκείν,
753 2262 800 2319 καί
810 2286 869 2337 μη-

110 2349 153 2404 δὲν
173 2348 373 2424 ὖπσλαμβάνειν
382 2350 473 2423 χρῆμα
488 2351 640 2425 τιμιώτερον
653 2346 754 2424 άρετῆς,
773 2345 806 2404 οδ
820 2350 869 2404 λό-

108 2456 162 2510 γων
177 2434 271 2509 διδαχῇ
284 2435 487 2511 παραγίνεσθαι
513 2439 568 2498 τοῖς
591 2438 738 2498 πολιτικοῖς
751 2435 868 2505 πλήθεσι

107 2522 233 2590 πέφυκεν,
250 2524 278 2575 ἐν
292 2513 331 2586 οἷς
345 2523 375 2576 τδ
390 2521 481 2575 πλεῖόν
497 2523 553 2576 ἐστι
568 2519 736 2596 δυσάγωγον,
755 2513 813 2576 ἄλλ’
828 2515 870 2594 ἔρ

81 2606 290 2677 γανὲθισμοῖς
318 2607 372 2664 τῶν
393 2608 462 2686 πρὸς
476 2610 595 2680 ἑκάστην
621 2602 720 2683 ἀρετὴν
747 2599 880 2677 άγδντων,
