1890 2970
90 121 140 177 328
224 117 383 168 DIONYSII
399 113 741 167 HALICARNASSENSIS

92 225 201 297 λδμενος
214 226 327 290 ἐκεῖθεν,
343 219 392 279 οὔκ
406 223 443 279 ἔτι
456 221 492 288 εἷς
506 219 603 288 άλλσυς
619 222 743 296 ἐβούλετο
765 214 852 278 κατά-

92 311 194 383 γεσθαι
206 310 320 380 λιμδνας,
335 305 402 365 άλλά
415 309 461 377 την
475 304 561 377 αὐτὴν
580 305 712 382 εἰργάζετο
739 310 853 378 συνεχῶς

93 395 245 459 θάλασσαν,
258 387 412 464 Ἑλληνικόν
423 414 450 449 τε
462 396 564 468 φόρτον
576 389 614 456 εἷς
631 393 787 466 Τυῤῥηνούς
799 415 851 449 κο-

90 480 181 550 μίζων,
196 475 242 532 καὶ
254 480 302 534 τδν
319 479 486 552 Τυρρηνικὸν
499 476 535 542 εἰς
548 477 597 546 τὴν
608 472 723 533 Ἐλλάδα
744 479 848 552 φόρων·

92 561 250 637 καὶγίνεται
265 564 336 618 πάνυ
351 563 454 619 πολλῶν
464 565 608 637 χρημάτων
620 562 719 638 κίιριος.
751 567 849 618 ε’πικα-

90 645 262 722 ταλαβοίισης
276 646 304 702 δὲ
318 648 431 713 στάσεως
444 650 490 718 τὴν
505 649 655 722 Κόρινθον,
670 647 717 703 καλ
730 651 777 718 τῆς
788 656 848 704 Κυ·

91 734 175 804 φίλου
190 731 346 806 τυραννίδος
363 735 573 805 ἐπανισταμένης
591 735 646 797 τοῖς
669 733 845 803 Βακχιάδαις,

90 812 140 870 οὐκ
154 813 273 888 άσφαλίς
286 811 353 872 εἶναι
368 815 452 872 δοκῶν
478 820 506 872 ίν
527 816 667 892 τυραννίδι
691 818 736 891 ζῇν
759 822 846 874 πολλά

90 903 251 972 κεκτημένος,
280 896 363 966 άλλως
389 921 416 956 τε
442 902 488 958 καλ
514 905 558 971 τῆς
577 898 847 975 δλιγαρχικῆςσῖκίας

91 984 223 1085 ὑπάρχων,
239 987 479 1058 συνεσκευασμένος
499 989 547 1055 τήν
573 982 670 1041 οὐσίαν
697 981 765 1056 ὅσην
789 980 845 1052 οἷδς

89 1063 109 1122 τ’
124 1090 165 1138 ην,
177 1092 257 1142 ωχετο
270 1071 379 1126 πλεων
367 1092 395 1126 εκ
408 1092 454 1142 της
466 1073 619 1145 Κορινθου
654 1092 717 1139 εχων
744 1071 773 1126 δὲ
798 1073 844 1143 φί-

89 1157 150 1220 λους
164 1155 276 1221 πολλοὺς
290 1178 335 1211 και
325 1153 475 1230 άμαθοίις
491 1157 641 1231 Τυρρηνῶν,
658 1155 749 1212 διά
718 1177 763 1219 τας
777 1177 845 1211 συν·

89 1241 152 1308 εχεῖς
171 1242 310 1311 ἐπιμιξίας,
335 1236 493 1313 μάλισταδ
519 1245 547 1296 ἐν
575 1241 742 1314 Ταρκυνίοις,
770 1244 846 1298 πόλει

88 1323 187 1398 μεγάλη
201 1325 247 1380 καὶ
259 1320 398 1399 εὐδαίμονι
413 1327 470 1380 τότε
490 1321 567 1398 σι’ίσῃ,
589 1321 664 1381 οἷκδν
689 1347 717 1380 τε
743 1322 846 1382 αδτόθι

89 1411 320 1476 κατασκευάζεται,
336 1409 383 1465 κάί
395 1413 514 1484 γυναῖκα
527 1413 646 1480 ἐπιφανῆ
674 1412 742 1466 κατά
766 1413 844 1483 μόνος

88 1488 188 1568 άμεται.
212 1496 357 1568 γενομένων
372 1489 395 1549 δ’
409 1491 482 1566 αὐτῷ
496 1495 572 1550 δυσίν
586 1495 702 1561 παίδων,
733 1496 843 1569 Τυρρη-

88 1579 148 1633 νικά
162 1580 275 1651 θέμενος
288 1575 378 1643 αὗτοῖς
393 1575 519 1648 δνόματα,
529 1580 565 1652 τῷ
578 1575 758 1655 μέν’ἷόροντα·
772 1580 843 1652 τῷδε’

90 1664 255 1734 Λοκόμωνα·
283 1664 329 1720 καί
352 1662 499 1727 παιδεύσας
512 1659 844 1738 άμφοτέρουςἝλληνικην

89 1769 113 1802 τε
126 1748 172 1802 καὶ
190 1741 357 1822 Τνῤῥηνικην
370 1747 502 1814 παιδείαν,
511 1746 547 1813 εἰς
554 1741 843 1823 άνδραςὲλθοῦσιναδ·

87 1836 141 1894 τοῖς
146 1837 277 1903 γυναῖκας
290 1837 318 1888 ἐκ
332 1833 384 1888 τῶν
394 1834 611 1904 ἐπιφανεστάτων
619 1836 697 1888 οἴκων
703 1835 843 1906 λαμβάνει.

147 1914 266 1972 XLVII.
285 1916 341 1973 Καί
354 1913 408 1989 μετ’
423 1914 456 1972 οὐ
469 1920 655 1992 πολδνχρόνσν
669 1919 684 1974 δ
697 1919 744 1990 μίν
758 1940 842 1993 πρεσ-

84 2000 194 2074 βύτερος
217 1996 302 2057 αὐτοῦ
327 2003 379 2056 τῶν
404 2002 525 2069 παίδων,
551 1999 842 2074 μὲνοςοδδίνκαταλι·

85 2084 141 2141 πών
160 2086 280 2159 ἐμφανές
293 2083 469 2155 άποθνήσκει.
508 2085 553 2141 καί
571 2083 623 2156 μετ’
641 2084 731 2159 ὀλίγας
744 2083 842 2163 ἡμέρας

85 2166 168 2236 αὖτδς
180 2171 196 2227 ὁ
207 2172 370 2244 Δημάρατος
384 2170 436 2227 ὑπό
449 2169 535 2240 λάπης
547 2172 664 2245 τελευτᾷ,
674 2174 839 2247 κληρονόμον

86 2253 191 2324 ἁπάσης
209 2259 253 2325 τῆς
273 2252 367 2320 οὐσίας
385 2259 431 2311 τόν
444 2257 660 2330 περιλειπόμενον
672 2258 724 2311 τῶν
737 2255 836 2312 παίδων

85 2342 238 2413 Λνκδμωνα
259 2338 427 2396 καταλιπών·
454 2334 483 2404 ός
496 2341 659 2413 παραλαβὼν
673 2344 719 2397 τόν
738 2362 838 2416 πατρι-

85 2426 132 2479 κόν
147 2427 264 2480 πλοῦτον
281 2427 364 2498 μέμαν
390 2423 465 2491 ὄντα,
492 2426 689 2481 πολιτεύεσθαί
701 2447 728 2482 τε
742 2425 789 2481 καὶ
802 2424 837 2481 τά

85 2513 161 2564 κοινά
174 2511 307 2583 πράττειν,
335 2508 380 2567 καί
398 2514 426 2565 ἐν
451 2513 507 2574 τοῖς
532 2511 643 2584 πράτοις
669 2513 719 2566 τῶν
746 2507 836 2566 άστῶν

84 2587 151 2647 εἶναι
181 2591 326 2669 προῄρητο.
365 2592 578 2663 άπελαυνόμενος
605 2594 632 2651 δὲ
659 2597 833 2667 πανταχόθεν
