1890 2970
160 111 438 181 ANTIQVITATV'M
448 113 582 165 ROMAN.
600 115 662 165 LIB.
673 116 704 165 V.
764 121 816 175 229

55 223 164 298 »λὲμσις
171 220 262 326 χώραν
276 241 302 276 οι
292 216 346 274 ’τό
360 219 534 289 ἐλόχισισν”
519 241 620 290 εχονιες
640 241 688 275 του
673 221 771 318 βίον
779 242 814 274 τι·

55 330 160 381 ,,μημα,
175 300 277 362 καὶότι
295 305 455 378 προσθήκης
479 308 579 378 μοῖραν
607 307 712 373 ἐπεῖχον
738 293 814 360 οὗτοι

56 389 307 464 ,,ιοῖςὲνφολλαγμι
330 391 504 464 τεταγμένοις,
533 385 752 457 καιαπλὴξεως“
737 409 813 442 ενενα

56 477 129 544 ,τῶν
144 474 273 546 πολεμίων
298 475 428 539 συνόντες,
455 465 500 528 οἷα
527 473 558 542 δη
584 470 665 545 μηδὲν
692 473 813 547 φέροντες

57 552 214 630 ,,όπλον,”
197 579 240 612 στι
251 578 288 630 μη
280 544 504 629 σφενδόνας,
485 578 521 612 ων
544 559 682 626 ἐλάχιστον
704 559 732 612 ἓν
756 558 814 618 ταῖς

57 630 338 716 ,,μόχαιςηνόφελος.
678 680 681 689 -
743 683 745 688 >

122 723 253 782 LXVIII.
268 721 412 826 ymbe&
436 723 571 798 οἰκτείρειν
595 724 643 792 την
656 723 749 779 πενίαν
763 724 814 779 τῶν

58 807 226 879 ,,πσλιτῶν’
207 810 354 876 αξιοῦνιας,
373 809 418 866 καὶ
436 812 555 884 βοηθεῖν
573 810 629 872 τοῖς
645 830 695 909 μηΜ
674 808 813 880 δυναμέ-

58 914 134 964 ,,νοις
149 893 272 950 διαλῦσαι
296 915 330 948 τα
351 896 420 969 χρέα
445 895 651 994 παραινοῦντας,
680 913 730 995 ερη
759 892 813 946 δειν

57 984 104 1048 „3
92 979 253 1046 ζειόζειν,’
226 1000 252 1034 τι
266 999 331 1034 ποτε
343 999 374 1033 το
388 980 533 1049 πεποιηκός
559 963 592 1044 νῖν
618 972 716 1040 αότοδς
741 973 811 1032 οῖπό

57 1107 75 1131 ,,
69 1063 269 1138 ,ρονς,κλήρονς
282 1083 309 1117 τε
320 1055 576 1138 παραλαβόντσς“
542 1081 589 1128 ους
601 1059 628 1117 οἳ
641 1061 748 1137 πατέρες
761 1056 813 1117 αδ-

56 1151 132 1216 ,,το”ιν
159 1151 309 1212 κατέλιπον,
337 1145 383 1202 καὶ
406 1144 461 1202 οῖτιό
487 1148 537 1202 τῶν
563 1148 705 1220 στρατειῶν
730 1146 815 1200 πολλοὶ

57 1228 273 1302 ,,όνφεληθέννας,
286 1228 333 1285 καῖ
350 1232 500 1285 τελευταῖον
513 1233 541 1286 ἐκ
566 1233 612 1298 τῆς
637 1229 815 1300 δημευθείσης

58 1319 131 1384 ,,τῶν
144 1316 278 1390 τυράννων
304 1307 401 1377 οδσίας
423 1315 471 1383 την
493 1315 690 1388 ἐπιβάλλουσαν
716 1317 815 1386 μοῖραν

58 1400 225 1470 ,,λαβόντας·
239 1392 327 1454 ἔπειθ’
341 1391 389 1464 οδς
401 1398 449 1470 μὲν
461 1393 495 1455 οῖν
520 1397 602 1473 δρῶσι
614 1397 646 1471 τῇ
659 1394 756 1474 γαστρὶ
770 1395 815 1451 καῖ

58 1487 138 1551 ,,ταῖς
163 1479 310 1550 αῗσχίσταις
333 1483 456 1551 ἐζηκότας
468 1478 584 1552 ἡδοναῖς,
610 1480 656 1536 καῖ
670 1481 714 1537 διό
727 1480 815 1535 ταῦτα

58 1567 278 1642 ,,ἐκπεπτωκότας
300 1570 328 1622 ἐκ
341 1568 393 1621 τῶν
406 1568 482 1641 βίων,
497 1564 622 1636 αἰσχύνας
646 1569 692 1634 τῆς
716 1566 813 1626 πόλεως

58 1652 194 1725 ,,νομίζειν
207 1650 252 1706 καὶ
264 1651 376 1724 βλάβας,
390 1649 436 1706 καὶ
447 1653 516 1726 με’μα
530 1648 565 1714 εἷς
577 1651 607 1704 τό
623 1652 713 1704 κοινόν
723 1648 812 1749 κέρδος

58 1733 289 1807 ,,ὗπολαμβοῖνειν,
311 1737 357 1791 ἐόν
369 1735 470 1799 εκόντες
482 1733 583 1791 οῖπό”
552 1755 598 1802 της
622 1729 764 1797 πόλεως’
746 1754 814 1788 απο-

57 1863 76 1889 ,,
69 1822 236 1896 ,φθαρῶσιν
246 1839 293 1884 οις
307 1813 360 1872 δ
343 1839 377 1873 αν
391 1821 543 1876 αἴσθωνται
557 1817 601 1873 δια
608 1815 814 1921 πονηρρὶντδχην

57 1901 276 1974 ,,όπολολεκότας
289 1901 350 1968 τούς
366 1901 451 2009 βῖρνς,
464 1908 493 1960 ἐκ
506 1905 557 1959 τῶν
571 1900 645 1958 ῖδῖιον
658 1901 769 1965 τούτους
784 1891 814 1956 εδ

57 1991 175 2056 ,,ποιεῖν.
198 2007 295 2089 αριστα
322 1986 410 2043 δὲκαι
432 1991 512 2043 τοῦτο
538 1986 584 2042 καὶ
607 1987 744 2061 γινώσκειν
768 1983 814 2040 καὶ

58 2071 204 2140 ,,ποιήσιιν
218 2092 297 2142 εφησε
321 2071 383 2134 τοδς
396 2072 615 2146 συμβεβληκότας
631 2066 741 2137 αὐτοῖς,
769 2068 814 2124 καὶ

57 2155 230 2228 ,,βσηθήσειν
242 2152 329 2211 αὐτῶν
342 2158 401 2221 ταῖς
411 2156 501 2226 τόχαις
514 2150 614 2218 αὐτοὺς
625 2157 748 2219 ἐκελνοος,
764 2148 814 2206 οὖν

58 2237 301 2311 ,,ιίναγκασθὲνιας
324 2235 369 2312 ὕφ’
388 2243 489 2314 ἑτέρων,
517 2235 572 2295 ἄλλ’
586 2239 700 2303 ἑκόντας,
715 2232 749 2291 ἵν’
765 2231 813 2289 αδ·

59 2327 135 2390 ,,τοῖς
148 2348 163 2393 η
175 2343 252 2399 χαρις
265 2320 324 2378 ανιῖ
336 2324 387 2378 τῶν
408 2324 552 2399 χρημάτων
574 2322 656 2377 καλὸν
680 2318 812 2391 όφεὶλημα

58 2430 165 2492 ,,ιιεριη.
194 2427 286 2474 κοινην
307 2406 335 2461 δὲ
358 2412 445 2464 ποιεῖν
471 2427 518 2477 την
542 2400 721 2478 βοηθειαν
702 2425 811 2471 απασιν,

57 2489 108 2558 ,,ἣς
122 2492 219 2557 ἒξῖσου
231 2489 432 2564 μεθέξουσινε
405 2512 432 2547 οι
458 2489 572 2564 πονηροὶ
597 2491 653 2554 τοῖς
676 2492 810 2564 χρηστοῖς,

58 2576 122 2644 ,,καῖ
134 2597 169 2648 μη
162 2576 259 2633 “Iu
225 2597 276 2632 των
290 2572 373 2643 ἷδίων,
396 2571 484 2634 όλλῖἐ
484 2595 500 2630 κ
518 2575 569 2631 τῶν
583 2570 631 2631 οῖλλ
618 2573 727 2652 λοτρὶων
741 2575 812 2638 τινός
