1890 2970
138 123 175 174 50
251 106 410 160 DIONYSH
428 105 772 159 HALICARNASSENSIS

138 217 269 274 τὸκοινόν
283 215 458 279 καταθιίναι,
474 209 520 268 καί
534 211 579 266 διά
599 214 685 269 ταῦτα
698 216 798 283 πολλῆς
810 217 889 288 ε’πιμε

138 303 208 363 λείας
221 302 361 375 τυγχάνειν
376 297 441 372 πρός
454 299 506 353 τῶν
521 294 730 370 ὑποδεξαμένων.
743 301 826 355 τοῦτο
842 295 887 355 δεό

138 407 216 459 τερον
230 385 310 449 ἔθνος
318 379 481 453 Ἑλληνικόν,
502 383 570 454 μετά
589 384 757 456 Πελασγοὺς,
772 382 890 458 άφικόμι

137 491 185 527 νον
200 467 234 534 εἷς
245 465 369 535 Ἰταλίαν,
385 468 479 535 κοινήν
498 466 557 535 ἔσχε
577 469 643 538 μετά
662 471 714 524 τῶν
731 465 898 544 Ἀβοριγίνων

139 558 251 624 οἴκησιν,
278 559 306 610 ἐν
320 554 356 627 τῷ
381 554 513 626 κρατίστῳ
539 555 585 621 τῆς
593 551 696 623 Ῥώμης
721 551 896 628 ἱδρυσάμενοι

137 662 231 716 musy.

200 720 337 780 XXXIV.
362 717 477 794 Ὀλίγοις
491 716 519 775 δ’
533 718 646 794 ὕστερον
665 721 734 777 ἔτεσι
752 724 820 794 μετά
840 725 898 789 τοὺς
933 766 936 771 .

137 804 270 885 Ἀρκάδας,
289 803 402 869 ἄλλος’
380 827 416 869 εις
427 801 577 861 Ἰταλίαν’
558 809 712 906 αῳιιινεῖται
738 809 832 874 στόλος
841 803 900 864 ‘Ez-

137 896 252 963 ληνικός,
264 888 379 965 άγοντος
389 885 590 994 Ἠρακλέρυς,“
574 912 603 954 ος
604 886 734 1011 Ἰβηρίαν
746 891 792 946 καί
805 894 840 948 τά
850 915 901 964 μι-

135 1000 180 1052 χρι
194 977 302 1050 δυσμῶν
316 973 392 1045 ἡλίου
402 963 640 1048 χτιρωσάμενοςῆν.
655 979 682 1040 ἐξ
694 962 729 1030 ὧν
743 997 810 1040 τινες
819 973 901 1055 ‘an-

138 1065 200 1119 κλία
226 1064 461 1137 παραιτησάμενοι
474 1063 520 1128 τῆς
541 1061 728 1134 πραγματείας
747 1058 898 1133 άφεθῆναι,

137 1147 197 1219 περὶ
211 1149 297 1202 ταῦτα
312 1167 345 1200 τα
339 1143 467 1219 Ηγωρία
454 1145 605 1215 υπίμειναν,
621 1166 667 1199 και
657 1144 837 1210 πολίζονται
849 1149 899 1203 λό-

136 1251 189 1302 φον
201 1231 350 1299 ἐπιτήδειον
363 1228 490 1302 εὑρόντες,
506 1227 650 1300 τρισταδίῳ
669 1229 697 1285 δι’
709 1233 827 1300 μάλιστα
844 1232 899 1302 μή-

136 1337 176 1370 κει
189 1319 238 1371 τοῦ
253 1314 411 1371 Παλαντίαν
425 1313 614 1387 διειργόμενον,
628 1308 658 1377 ὃς
678 1316 726 1369 νῦν
739 1317 788 1388 μὲν
806 1323 899 1370 Καπι-

135 1403 245 1464 τωλῖνος
264 1398 434 1471 ὀνομάζεται,
465 1396 516 1452 ὑπό
536 1397 564 1452 δὲ
584 1400 636 1452 τῶν
660 1401 720 1453 τότε
746 1396 899 1474 άνθράπων

137 1489 287 1558 Σατόρνιος
300 1486 411 1555 ἐλέγετο,
425 1477 514 1553 ὥσπερ
526 1478 560 1540 άν
573 1484 646 1536 εἴποι
659 1481 699 1545 τίς
716 1479 826 1539 Ἐλλάδι
842 1504 898 1554 φω-

137 1570 177 1644 νῇ,
190 1571 315 1645 Κρόνιος.
341 1569 393 1621 τῶν
407 1567 435 1621 δὲ
450 1565 668 1638 ὑπολειφθέντων
682 1567 771 1635 οἱμὲν
790 1569 897 1635 πλείους

138 1645 209 1722 ἦσαν
227 1653 451 1720 Πελοποννήσιοι,
471 1650 610 1706 Φενεᾶταί
622 1671 650 1706 τι
662 1651 708 1708 καί
717 1647 820 1709 Ἐπειοί
834 1651 861 1708 οἱ
874 1657 900 1717 ἐξ

133 1734 247 1802 Ἤλιδος,
263 1733 303 1802 οἷς
317 1733 404 1792 οὐκέτι
423 1736 513 1798 πόθος
526 1723 558 1787 όν
581 1740 628 1805 τῆς
641 1736 731 1792 οίκαδε
750 1737 825 1804 ὁδοῦ,
842 1737 899 1792 δια-

138 1816 448 1896 πεπορθημένηςαάτοῖς
461 1823 507 1889 τῆς
513 1820 641 1893 πατρίδος
653 1826 681 1876 ἐν
692 1823 727 1895 τῷ
742 1817 900 1896 2106(an-

140 1908 202 1962 κλὲα
232 1908 344 1978 πολέμῳ.
359 1908 483 1976 ἐμέμικτο
511 1905 539 1961 δέ
551 1926 577 1959 τι
589 1904 636 1959 καί
661 1909 782 1981 Τρωϊκόν
808 1901 901 1973 αάτοῖς

139 1995 190 2047 τῶν
204 1991 249 2046 ἐπί
261 1988 451 2060 Λαομέδοντος
465 1986 636 2060 αἰχμαλώτων
658 1994 684 2055 ἐξ
694 1985 775 2046 Ἰλίου
787 1993 900 2062 γενομέ-

139 2095 203 2141 νων,
230 2071 274 2129 ὅτε
289 2078 334 2142 τῆς
360 2075 458 2136 πόλεως
467 2071 632 2146 “Ηρακλῆς’
619 2076 755 2148 εκράτησε.
781 2074 855 2131 δοκεῖ
871 2075 901 2133 δι’

136 2181 201 2263 μοι
198 2159 244 2214 καί
256 2160 305 2214 τοῦ
324 2155 406 2214 άλλου
421 2158 537 2257 στρατοῦ
552 2159 621 2222 πάν,
652 2161 679 2213 εί
694 2181 720 2214 τι
739 2161 900 2234 καματηρόν

138 2244 154 2313 ἢ
168 2265 200 2317 τῃ
189 2244 304 2318 πλάνῃ
318 2228 501 2314 άγθόμενον
486 2263 526 2310 ην,
542 2237 641 2314 άφεσιν
651 2247 696 2313 τῆς
709 2241 888 2320 στρατείας
858 2266 900 2300 αι-

138 2331 295 2403 τησάμενον,
312 2327 338 2385 ἓν
351 2348 386 2382 τω
372 2328 527 2430 χῳρίῳ
497 2326 589 2383 τάδε(
577 2332 727 2400 υπομεῖναι.
746 2331 776 2384 τό
791 2322 852 2384 δι’
834 2349 901 2384 ονο-

137 2436 174 2484 μα
187 2435 222 2486 τῳ
212 2413 310 2486 ’λόφῳ
323 2414 389 2477 τινὲς
400 2414 458 2483 μίν,
474 2406 562 2486 ὥσπερ
576 2410 652 2484 ἔφην,
667 2409 780 2488 άργαῖον
794 2413 901 2470 οίονται

139 2493 214 2560 εἶναι,
229 2499 275 2553 καί
290 2493 361 2569 αὐτῷ
373 2497 436 2562 τούς
451 2493 573 2559 Ἐπειοὺς
594 2493 644 2565 οὐχ
663 2494 761 2566 ἥκιστα
780 2503 900 2568 φιλοχω-

119 2584 209 2644 ρῇααι
220 2581 346 2653 τῷλάφῳ
351 2582 449 2659 μνήμγ
463 2581 513 2638 τοῦ
523 2584 552 2639 ἐν
561 2575 652 2640 Ἤλιδι
668 2583 790 2662 ,Κρονίου
803 2586 905 2656 λόφου,
