1890 2970
111 104 113 109 >
178 83 605 158 εαπιουεΤΑΤυΜ-αοαεα.
623 86 686 136 τεο.
703 87 748 137 ευ.
799 95 830 146 51

73 193 203 272 γῳναεκός
220 191 361 264 γενόμεναι
375 191 532 265 Ταρκυνίας,
559 184 592 254 ἢν
609 191 765 264 ἐνεγγύησεν
778 187 830 248 αύ.

75 276 113 355 κρῖ
125 275 251 350 βασιλεύς
267 274 425 348 Ταρκύνιος.
452 275 609 339 ταύταςτὰς
634 277 713 349 κόρας
739 279 830 351 έπιγά·

73 382 144 438 μους
166 362 310 433 γενομένας
322 359 461 436 ἐκδίδοται
487 362 543 423 τοῖς
556 356 709 432 ἀδελφιδοῖς
722 364 767 430 τῆς
780 381 830 433 μη-

73 449 137 521 τρὸς
149 442 244 511 αύτῶν,
260 443 367 518 υἱωνοῖς
380 465 407 499 τε
437 444 595 519 Ταρκυνίου,
617 444 652 518 τῷ
664 446 832 522 πρεσβυτέρῳ

72 532 122 600 τήν
136 531 319 604 πρεσβυτέραν
333 527 461 605 ἁρμόσας,
476 524 522 589 καί
534 527 572 602 τῳῖ
585 529 699 603 νεωτέρῳ
711 529 758 598 τὴν
772 550 832 585 νεω·

72 616 171 690 τέραν·
198 608 283 687 οὕτως
297 609 415 687 οἰόμενος
428 609 520 687 αὐτοῖς
531 613 631 685 μᾶλλον
654 613 831 671 συνοίσεσθαι

71 702 131 765 τοῖς
144 699 284 771 λαβοῦσιν.
313 696 386 767 ἔτυχε
400 696 430 753 δέ
448 698 499 754 τῶν
517 697 645 771 γαμβρῶν
659 699 780 771 ἑκάτερος
792 695 832 753 ’ἐν-

75 785 158 857 αντίᾳ
172 779 324 855 συναφθεὶς
337 781 412 858 τύχη,
426 783 496 839 κατά
515 782 563 851 τήν
576 776 625 850 οὐχ
649 781 830 855 δμοτροπίαν·

72 868 182 941 Λευκίῳ
194 866 243 937 μέν
253 870 307 944 γάρ
323 865 359 941 τῳῖ
378 868 560 943 πρεσβυτέρῳ,
573 864 693 940 τολμηρῷ
702 865 748 923 καὶ
761 860 832 922 αύό-

72 951 135 1008 άδει
158 952 204 1008 καί
226 950 377 1028 τυραννικῷ
402 952 449 1025 την
473 949 556 1023 φύσιν
581 950 648 1019 ὄντι,
671 951 771 1024 χρηστὴ
785 950 831 1007 καί

73 1030 190 1111 σιἰῳρων
203 1037 250 1093 καί
262 1039 419 1112 φιλοπάτωρ
427 1037 546 1105 συνῆλθε
558 1034 641 1110 γυνη·
664 1029 789 1110 Ἅρούντρ
804 1035 831 1090 δέ

74 1122 112 1196 τηῖ
124 1123 245 1194 νεωτέρῳ,
260 1122 373 1177 πολύτὸ
388 1120 476 1196 πρᾷον
502 1119 589 1189 ἔχοντι
609 1117 656 1175 καί
668 1117 830 1195 εύλόγιστον,

74 1203 173 1278 άνσσία
186 1205 233 1260 καὶ
244 1206 405 1281 μισοπάτωρ
417 1203 464 1261 καί
478 1204 628 1279 πάντολμος
640 1190 673 1271 ἦν
691 1199 708 1274 ἦ
721 1206 830 1281 γαμετή.

73 1292 216 1362 συνέβαινε
230 1289 258 1345 δέ
270 1291 321 1345 τῶν
329 1286 433 1363 άνδροῖν
446 1289 569 1364 ἑκάτερον
582 1291 716 1363 φέρεσθαι
728 1291 776 1363 μέν
789 1288 833 1346 έπί

75 1376 126 1444 τὴν
140 1375 239 1430 ἑαυτοῦ
252 1372 342 1446 φύσιν,
357 1375 524 1448 μετάγεσθαι
538 1372 566 1429 δέ
581 1370 633 1430 ύπό
646 1376 692 1444 τῆς
703 1375 832 1449 γυναικός

73 1460 121 1516 ἐπὶ
136 1455 280 1514 τάναντία·
294 1458 366 1530 άμέν
378 1479 408 1531 γε
429 1458 553 1533 πονηρός,
579 1459 701 1531 ἐκβαλεῖν
713 1462 758 1529 τῆς
780 1459 832 1531 βα-

74 1545 176 1609 σιλείας
199 1544 246 1598 τόν
260 1541 389 1613 κηδεστήν
408 1541 644 1620 προθυμούμενος,
670 1542 718 1598 καὶ
743 1542 832 1597 πάντα

73 1625 261 1700 μηχανώμενος
274 1623 309 1690 εἷς
322 1628 417 1693 τούτο,
437 1625 491 1684 ύπδ
504 1629 548 1696 τῆς
567 1628 693 1700 γυναικός
711 1628 832 1699 μετεπεί-

73 1717 143 1787 Quo
158 1708 350 1784 ἀντιβολούσης
368 1732 396 1767 τε
408 1709 453 1767 καί
472 1707 646 1786 ὀδυρομένης·
673 1706 733 1766 ὅδ’
753 1715 833 1767 έπιει·

75 1798 131 1873 κης,
148 1791 227 1852 ούδέν
240 1792 361 1868 οῖόμενος
375 1796 429 1852 δεῖν
442 1797 631 1870 ἐξαμαρτάνειν
650 1793 685 1862 εῖς
702 1797 749 1852 τόν
766 1814 832 1850 πεν-

73 1881 169 1958 θερόν,
184 1877 250 1937 άλίά
263 1883 412 1956 περιμένειν
437 1876 512 1951 έωςῆ
532 1880 613 1952 φύσις
626 1875 709 1937 αύτόν
734 1884 762 1936 ἐκ
782 1880 830 1935 τού

75 1965 121 2043 ζῇν
134 1967 266 2040 έξαγάγοι,
279 1965 325 2022 καί
337 1966 384 2023 τὸν
398 1962 515 2038 ολδελφόν
528 1961 577 2020 σύκ
590 1966 638 2021 έοῖν
657 1966 784 2041 πράττειν
798 1966 831 2018 τά

75 2050 111 2124 μή
128 2049 226 2115 δίκαια,
242 2048 294 2105 ύπό
307 2052 353 2120 τῆς
366 2047 477 2123 άνσσίσς
501 2050 630 2123 γυναικός
648 2047 683 2116 εῖς
702 2047 831 2106 τάναντία

75 2135 210 2208 μετήγετο,
220 2135 402 2205 νουθετούσης
415 2155 442 2191 τε
454 2133 499 2204 καί
508 2133 719 2209 λοιδορουμένης,
732 2131 831 2199 καὶτην

77 2215 226 2292 άνανδρίαν
239 2217 410 2288 κακιζούσης·
438 2217 471 2287 οῖς
484 2209 511 2276 δ’
526 2213 605 2274 οὐδέν
617 2221 756 2293 ἐπέραινον
770 2213 832 2272 σύτο

77 2300 107 2358 αῖ
120 2306 164 2373 τῆς
178 2302 314 2376 σώφρονος
326 2305 460 2372 λιτανεῖαι,
483 2305 517 2360 τά
529 2303 658 2376 κράτιστα
676 2305 723 2359 τόν
743 2295 775 2357 ού
791 2299 828 2354 δι’·

76 2407 155 2443 καεον
169 2381 255 2461 άνδρα
268 2386 427 2456 πειθούσης,
441 2383 503 2444 οὔτε
517 2386 546 2443 αῖ
560 2389 604 2457 τῆς
616 2387 715 2461 μιαροῖς
728 2404 829 2460 παραι-

76 2471 166 2539 νέσεις,
181 2471 225 2527 ἐπί
236 2472 284 2535 τάς
296 2466 424 2538 άνοσίους
436 2471 540 2551 πράξεις
553 2473 599 2527 τόν
612 2467 644 2526 ού
657 2472 776 2544 πονηρόν
790 2463 830 2525 εἶ-

76 2577 122 2614 ναι
135 2557 276 2630 πεφυκότα
290 2556 504 2637 παρακαλούσης,
525 2550 580 2615 ἀλλ’
595 2557 718 2636 ἑκάτερος
730 2553 775 2614 έπλ
786 2555 835 2624 τίμ

623 2642 677 2695 m
