1890 2970
103 125 154 182 152
222 114 382 168 DIONYSII
399 111 744 167 HALICARNASSENSIS

100 220 184 298 τίροις
197 218 261 278 οὔτε
274 217 351 278 ὅσιον
364 217 426 278 οὔτε
441 224 519 292 θε’μις
531 209 564 286 ήν
579 225 736 324 κατηγορεῖν
745 219 863 288 ’άλλήλων

100 308 144 363 ἐπὶ
159 304 283 374 δίκαις,”
266 330 283 377 η
295 327 518 383 καταμαρτυρειν
533 304 550 376 ή
564 309 658 380 ψῆφον
671 307 796 363 ίναντίαν
808 308 864 361 ίπι·

102 389 309 466 φίρειν,ήμετά
323 413 374 448 των
387 393 492 466 εχθρων
504 393 683 458 εξεταζευθιιι
721 388 746 447 εί
771 390 801 448 δι’
825 411 864 453 τις

100 478 266 580 ἐξελεγχθείη
278 477 380 534 τούτων
399 475 424 531 τί
447 475 730 552 διαπραττόμενος,”
715 474 805 544 ενοχος
830 463 864 544 ήι

100 584 135 618 τω
124 561 266 635 νόμω
235 584 279 632 της
292 560 447 636 προδοσια
469 554 500 615 ῶν
526 561 698 667 ἐκάρωσενε
682 582 696 616 ο
719 557 862 632 Ῥωμυλος.

99 649 146 702 τὸν
160 647 188 702 δὲ
202 645 301 701 ἁλόντα
315 667 349 718 τῳ
338 646 522 718 αρβουλομὲνιι
536 648 646 701 κτείνειν
660 633 776 703 ὅσιον
761 665 802 714 ην,
829 641 863 707 ῶς

99 733 178 804 θῶμα
193 752 240 786 του
225 731 442 799 καταχθονίου
456 731 528 793 Διός.
555 730 620 795 ε’θος
643 732 696 805 γάρ
710 726 861 805 Ῥωμαίοις,

101 813 181 878 ὅσους
195 814 340 888 ἐβούλοντο
353 835 461 883 νηποινι
451 813 612 881 τεθνάναι,
627 818 660 871 τά
667 835 768 870 τουτων
775 834 864 885 σωμα-

99 922 132 956 τα
146 902 218 955 θεῶν
232 899 377 972 ὁτῳδήτινι,
405 901 521 970 μάλιστα
549 901 576 955 δὲ
595 904 651 962 τοῖς
670 899 863 969 καταχθονίοις

102 985 305 1057 κατονομάζειν·
340 978 357 1037 δ’
376 982 421 1038 καί
434 985 493 1038 τότε
506 983 522 1038 ὁ
533 979 664 1056 Ῥωμύλος
677 985 792 1053 ἐποίησε.
808 1004 862 1037 τοι·

102 1070 197 1145 γάρτοι
211 1069 342 1141 διέμειναν
356 1070 383 1122 ἐν
398 1070 508 1131 πολλαῖς
519 1073 623 1142 γενεαῖς
634 1065 862 1141 σίδένδιαφὲρου-

101 1174 147 1209 σαι
160 1154 323 1228 συγγενικῶν
337 1151 554 1225 ἀναγκαιοτήτων
573 1151 602 1207 αἱ
621 1156 672 1207 τῶν
690 1154 809 1209 πελατῶν
835 1170 863 1206 τε

99 1240 146 1294 καί
159 1240 314 1314 προστατῶν
328 1236 458 1310 συζυγίαι,
484 1235 562 1293 παισί
582 1237 685 1294 παίδων
699 1237 863 1307 συνιστάμε-

101 1344 159 1378 ναι·
186 1322 233 1377 καὶ
257 1322 339 1395 μέγας
364 1343 471 1387 επαινος
484 1342 517 1389 ην
537 1325 592 1384 τοῖς
611 1326 640 1377 ἐκ
659 1343 711 1376 των
725 1320 884 1393 ίπιφανων,

100 1411 180 1462 οἴκων
193 1406 226 1472 ῶς
239 1408 379 1468 πλείστους
392 1404 533 1470 πελάτας”
518 1425 594 1476 εχειν,
608 1408 655 1471 τάς
668 1427 694 1461 τε
702 1424 865 1481 προγονικάς

99 1493 268 1564 φυλάττουσι
295 1489 422 1558 διαδοχάς
446 1492 498 1545 τῶν
517 1492 680 1565 πατρωνιῶν,
702 1512 747 1546 και
737 1490 806 1545 διά
819 1491 865 1558 τῆς

99 1579 200 1633 ἑαυτῶν
213 1575 306 1651 άρετής
321 1570 403 1638 ἄλλας
416 1577 616 1646 ἐπικτωμένοις·
631 1571 655 1643 ὅ,
670 1596 697 1629 τε
711 1572 783 1650 άγῶν
794 1571 865 1643 ὑπὲρ

99 1666 144 1731 τής
158 1657 270 1726 εὖνοίας,
286 1659 353 1732 ίιπὲρ
372 1661 420 1714 τοῦ
439 1660 477 1730 μή
502 1663 650 1731 λειφθῆναι
676 1663 721 1728 τῆς
746 1655 864 1726 άλλήλων

98 1747 213 1818 χάριτος,
241 1745 352 1802 ἔκτοπος
370 1739 459 1810 ήλίκος
486 1732 713 1820 άμφοτῑὲροιςήν·
740 1745 790 1798 τῶν
815 1742 865 1813 μὲν

99 1831 218 1884 πελατῶν
237 1825 346 1884 ἅπαντα
359 1831 414 1891 τοῖς
428 1829 591 1901 προστάταις
604 1825 756 1894 άξιοὺντων,
770 1825 803 1890 ῶς
817 1825 864 1881 δα·

101 1916 200 1985 νάμεως
213 1906 291 1979 εἶχον,
309 1910 458 1985 ὑπηρετεῖν·
485 1915 537 1967 τῶν
551 1911 579 1967 δὲ
593 1913 748 1986 πατρικίων,
767 1906 864 1981 ήκιστα

99 2000 268 2069 βουλομένων
281 1999 336 2060 τοῖς
353 1997 477 2060 πελάταις
496 2000 620 2066 ἐνοχλεῖν,
644 1996 810 2072 χρηματικήν
836 2014 864 2049 τε

100 2078 228 2152 οὐδεμίαν
249 2081 349 2153 δωρεάν
367 2085 562 2154 προσιεμένων·
591 2077 674 2144 οὕτως
697 2079 824 2155 ἐγκρατής
848 2078 864 2134 ὅ

99 2155 205 2238 βίοςήν
227 2161 321 2228 αδτοῖς
339 2163 444 2268 ἁπάσης
466 2162 580 2236 ήδονής·
606 2168 651 2220 καί
674 2166 705 2220 τί
728 2164 864 2239 μακάριον
894 2215 897 2219 .

101 2249 181 2324 άρετῇ
194 2252 331 2325 μετρητὸν,
347 2244 380 2303 οὗ
395 2250 467 2322 τύχη

164 2334 214 2391 xl.
246 2331 284 2389 Οιί
298 2336 381 2402 μόνον
396 2329 419 2386 δ’
434 2337 461 2388 ἐν
476 2331 545 2408 αίτῇ
558 2355 590 2408 τη
579 2334 684 2389 πόλει
704 2334 734 2388 τδ
730 2331 865 2437 δημοτι-

101 2421 148 2473 κὸι
144 2417 216 2473 ὑπὸ
230 2421 279 2486 τήν
296 2417 465 2493 προστασίαν
485 2420 535 2472 τῶν
555 2419 702 2526 πατρικίων
727 2403 769 2486 ήν,
798 2413 866 2472 αλλοί

102 2501 147 2556 καὶ
161 2504 212 2555 ιῶν
225 2500 344 2557 άποίκων
359 2497 441 2570 αυτής
454 2503 563 2569 πόλεων,
578 2502 625 2558 και
638 2503 688 2558 τῶν
702 2500 746 2556 ἐπὶ
759 2519 867 2576 συμμα-

79 2583 285 2660 [ξοκιιιφιλιζα
299 2589 523 2664 προσελθουσῶν,
553 2586 600 2646 καὶ
625 2588 678 2644 τῶν
704 2590 734 2641 ἐκ
758 2583 880 2656 noum
