1890 2970
120 113 173 174 194
244 107 401 160 DIONYSII
417 104 758 158 HALICARNASSENSIS

119 212 199 291 μαῖοί
209 235 235 269 τε
247 214 338 270 πάσαν
349 214 397 283 τὴν
411 211 525 285 δύναμιν
538 213 585 281 τήν
598 233 625 268 τε
639 212 707 268 κατά
718 211 809 279 πόλιν,
834 212 879 268 καί

120 301 168 369 τήν
180 301 208 354 ἐν
221 301 277 362 τοῖς
289 297 431 373 φρουρίοις
453 294 639 370 άναλοιβύντες,
666 295 778 362 ἱκανούς
793 294 880 369 οἶύμε-

120 405 162 440 νοτ
175 382 239 446 τούς
252 380 317 457 ύπέρ
330 384 377 451 τήν
391 380 584 456 στρατεύσιμον
602 377 708 451 ἡλικίαν
724 384 878 456 γεγονότας,

122 468 168 524 καί
181 469 228 523 τύν
241 463 370 522 οἰκετικὸν
383 463 469 534 ὄχλον,
480 466 528 535 τήν
540 485 568 520 τε
581 469 660 522 πάλιν
674 463 720 521 καί
733 466 768 522 τά
780 466 824 524 ἐπί
835 469 879 536 τῆς

118 551 206 626 χώρας
218 549 339 626 ἐρύματα
350 550 501 620 φυλάττειν.
523 549 570 606 καί
595 552 772 616 συνελθόντες
786 551 876 627 ὁμόσε,

121 637 243 691 τίθενται
256 633 319 697 τούς
328 634 448 706 χάρακας
461 631 609 707 άμφύτεροι
617 636 713 708 μικρὸν
728 632 878 706 ἀπέχοντας
940 662 943 667 ·

121 717 246 788 άλλίηλονν,
272 713 386 791 Ἠρήτου
413 719 518 785 πόλεως,
546 712 563 784 5
575 720 624 774 τού
651 720 780 791 Σαβίνων
805 720 876 777 ἐστίν

121 803 225 866 ἔθνους,
241 796 274 856 ού
288 802 387 875 πρόσω.

184 883 290 944 XLVI.
306 881 354 949 Ὡς
367 885 395 940 δὲ
409 883 531 941 συνεῖδον
546 885 695 959 ἀμφότεροι
719 889 752 942 τά
765 888 819 942 τῶν
831 909 876 943 πο-

121 969 216 1042 λεμίων
229 970 390 1044 πράγματα,
416 969 452 1042 τῷ
466 990 493 1026 τε
505 971 614 1044 μεγέθει
628 972 678 1025 τῶν
691 972 880 1044 στρατοπίύων

121 1053 279 1118 εἰκάσαντες,
306 1051 351 1109 καί
366 1047 428 1126 παρ’
444 1051 615 1127 αἰχμαλώτων
628 1050 799 1122 άκούσοντες,
827 1059 880 1121 τοῖς

121 1139 169 1212 μὲν
184 1137 311 1210 Σαβίνοις
330 1137 435 1210 θάρσος
457 1140 584 1214 παρέστη,
611 1135 656 1193 καί
681 1141 880 1213 καταφρόνησις

121 1225 166 1291 τῆς
182 1223 233 1277 τῶν
246 1217 608 1294 πολεμίοινόλιμύτητος,τοῖς
622 1221 649 1277 ύί
656 1219 800 1295 Ῥωμαίοις
814 1223 877 1290 ύύος,

121 1308 188 1379 πρὸς
201 1307 230 1361 τύ
246 1307 298 1361 τῶν
309 1302 556 1378 ἀντιπολεμούντων
574 1308 695 1375 πλῆθος·
721 1308 877 1382 ἐθοίρῥησαι

122 1389 157 1458 ύὲ,
172 1390 217 1446 καὶ
229 1391 325 1465 μικράς
336 1390 446 1455 ἐλπίδας
460 1389 526 1465 ύπὲρ
539 1392 585 1461 τῆς
597 1382 670 1460 νίκης
683 1390 788 1465 ἔλαβον,
796 1387 878 1448 ἄλλων

121 1496 149 1530 τε
162 1475 274 1548 σημείων
285 1475 515 1550 μενοβὲνοινσφίσι
527 1475 715 1548 θεοπέμπτων,
728 1475 774 1532 καί
788 1477 822 1546 ύὴ
835 1473 879 1531 ιιαί

120 1562 273 1615 τελευταίου
287 1561 437 1632 φάσματος,
457 1555 501 1614 ὅτε
514 1560 737 1634 παρατάττεσθαι
760 1559 876 1634 ἔμελλον,

118 1642 234 1699 τοιούύε.
248 1647 277 1699 ἐκ
291 1646 342 1699 τῶν
355 1644 596 1716 καταπεπηγμένων
612 1645 685 1720 παρά
697 1648 755 1710 ταῖς
768 1647 877 1713 σκηναῖς

119 1725 223 1784 ύοσῶν·
239 1749 294 1783 εστι
308 1727 336 1783 ύε
350 1749 435 1782 ταυτα
454 1727 517 1799 βέλη
539 1725 642 1798 Ρωμα
641 1749 685 1796 ιον,
712 1723 876 1791 άσυνιύντες

118 1808 154 1875 εἷς
163 1815 255 1884 χεῖρας
268 1813 472 1876 εξαιιοντίζουσι,
489 1811 552 1876 ξύλα
566 1813 692 1888 προμήκη
712 1832 740 1868 τε
760 1813 808 1869 καί
816 1833 874 1883 χει-

116 1897 253 1968 ροπληθῆ,
267 1890 409 1967 τριῶνούχ
422 1883 501 1962 ἧττον
520 1895 610 1952 ποδῶν
637 1896 762 1970 σιύηρούς
786 1895 875 1971 ὀβελί-

117 1997 198 2038 οκους
211 1977 304 2047 έχοντα
318 1974 488 2055 προύχοντος
501 2001 550 2034 κατ
548 1976 683 2037 ἐύθεῖαν
698 1985 726 2037 ἐκ
751 1982 874 2053 θατέρου

115 2063 166 2118 τῶν
179 2057 276 2136 άκρων,
295 2065 414 2137 μετρίοις
426 2060 559 2129 άκοντίοις
581 2067 627 2121 ἴσα
641 2067 691 2121 σύν
703 2064 739 2139 τῷ
765 2064 873 2136 σιύὴρῳ.

115 2150 143 2202 εἰι
157 2146 257 2203 τούτων
272 2145 351 2216 δύ’
316 2168 368 2202 τιον
382 2147 470 2204 ύσσῶν
483 2147 544 2223 περὶ
563 2152 619 2215 τοῖς
646 2145 738 2226 άκροις
750 2150 799 2203 τῶν
813 2144 875 2219 ‹552-

115 2233 210 2288 λίσκων
223 2228 351 2331 φλύγες’
333 2232 491 2300 ανήπτοντο,
512 2253 557 2288 και
548 2229 605 2288 δι’
620 2228 686 2290 ὅλου
697 2235 747 2289 τού
760 2251 874 2307 στρατο-

115 2315 200 2371 πέδου
211 2302 315 2380 σέλας
299 2335 340 2419 ην,
355 2312 443 2392 ὥσπερ
456 2313 511 2371 άπύ
524 2317 678 2390 λαμπάδων,
704 2317 749 2374 ιιαι
762 2318 875 2386 κατέσχε

114 2402 158 2469 τῆς
170 2405 263 2466 νυκτὸς
276 2403 320 2455 εἰτι
310 2397 410 2455 πολύ.
430 2404 458 2456 ἐκ
471 2399 569 2457 τούτου
596 2402 746 2474 κατέλαβον
757 2403 808 2457 τού
822 2403 875 2474 φοί

116 2503 226 2555 σματος,
241 2481 330 2560 ὥσπερ
344 2505 371 2539 οι
362 2482 610 2560 τερατοσκόποι’
592 2485 810 2558 ακεφαινσν,καί
823 2487 878 2541 πά·

114 2587 155 2621 σιν
166 2564 322 2641 άνθρώσοις
337 2569 497 2639 συμβάλλειν
512 2591 544 2626 ου
534 2567 696 2639 Ηναλεπύν
682 2592 721 2639 ην,
738 2566 782 2627 οτι
796 2570 876 2641 νίκην
