1890 2970
143 133 194 189 278
261 127 420 179 DIONYSII
437 121 782 177 HALICARNASSENSIS

147 237 194 298 νές
221 233 308 299 πόλεις
346 231 557 297 σκεδασθέντες,
591 228 636 288 έπέ
666 233 742 302 ξένης
768 231 817 288 τόν
842 232 897 306 βόον

149 321 338 393 κατέστρεψαν.

280 467 433 514 Intestina
453 462 547 512 turbae
565 461 771 512 recrudescunt.

210 564 303 627 XXII.
315 564 453 641 Ῥωμαίοις
466 566 494 621 δέ
508 564 738 638 καταλυσαμένοις
749 566 816 630 τούς
830 563 899 622 &aab

148 657 234 727 θρους
244 653 375 723 πολέμους
388 647 403 719 η
417 651 539 720 πολιτικὴ
551 650 644 714 στάσις
654 636 742 712 αὖθις
754 649 900 707 ἐπανέστα-

147 758 205 802 ναι,
221 739 265 804 τῆς
277 736 325 805 μέν
337 735 436 807 βουλῆς
449 734 633 807 ψηφισαμένης
646 733 771 800 καθίζειν
783 735 820 789 τά
834 732 900 789 δικα

147 821 249 894 σεὴρια,
264 818 311 873 καὶ
323 820 371 883 τάς
383 814 601 890 ἀμφισβητήσεις,
622 809 654 880 ἀς
668 815 715 870 διά
728 817 777 871 τόν
791 818 900 889 πόλεμον

147 901 324 972 ἀνεβάλοντο,
344 903 485 976 κρίνεσθαι
501 901 568 955 κατά
585 899 649 963 τοὺς
668 901 787 971 νόμους·
815 898 900 957 τῶνδέ

147 986 207 1060 περὶ
227 987 274 1050 τάς
287 985 454 1058 συναλλαμάς
465 981 712 1057 ἀμφισβητημάτων
726 981 763 1049 εἷς
775 986 901 1058 μεγάλους

148 1067 282 1131 νλέιδωνας
294 1068 340 1123 καὶ
354 1067 440 1132 δεινάς
457 1069 665 1141 προβεβηκότων
684 1063 804 1132 ἀτοπέας
823 1066 899 1124 τεκαὶ

147 1150 350 1219 ἀναισχυντίας,
375 1152 427 1206 τῶν
451 1152 500 1222 μὲν
525 1150 646 1223 δημοτῶν
672 1147 818 1215 ἀδυνάτοις
841 1151 899 1222 ἔχειν

148 1236 336 1306 σκηπτομένων
349 1232 465 1290 διαλάειν
480 1237 513 1291 τά
524 1237 595 1308 χρέα,
614 1234 702 1307 χώρας
722 1231 744 1288 τ’
759 1232 854 1298 αὐτοῖς
864 1255 898 1289 νο·

147 1321 298 1391 κωλυμένης
310 1322 339 1374 έν
351 1318 386 1392 τῷ
400 1321 522 1375 πολυετεῖ
534 1319 651 1391 πολέμῳ,
666 1316 714 1372 καὶ
726 1319 899 1391 βοσκημάτων

148 1402 359 1478 διεφθαρμένων,
386 1401 432 1456 καὶ
458 1400 633 1476 ἀνδραπόδων
659 1396 839 1474 αὖτομολέαις
860 1401 899 1457 ναέ

149 1486 329 1559 καταδρομαῖς
341 1488 550 1552 σπανισθέντων,
565 1487 610 1554 τῆς
623 1505 651 1539 τε
664 1487 734 1541 κατά
747 1490 831 1543 πάλιν
842 1487 899 1554 κτη-

149 1590 211 1637 σεως
223 1571 416 1642 ἐξανηλωμένης
428 1573 486 1633 ταῖς
498 1566 533 1633 εἷς
545 1571 593 1639 τήν
606 1569 749 1643 στρατεόαν
762 1569 897 1632 δαπάναις

148 1657 199 1709 τῶν
213 1653 241 1710 δέ
267 1652 408 1709 δανειστῶν
420 1652 519 1716 ταῶνας
529 1652 578 1726 μέν
591 1654 638 1716 τάς
648 1657 793 1727 συμφοράς
812 1653 898 1728 ὁμοίως

149 1734 235 1792 ἀπαυι
252 1739 390 1813 γεγονέναι
401 1740 536 1810 λεγόντων,
552 1734 597 1791 καὶ
611 1731 644 1791 οὗ
655 1738 742 1808 μόνον
756 1741 815 1802 τοῖς
824 1757 898 1812 χρεω-

147 1823 284 1890 φειλέταις,
307 1815 356 1875 οὔκ
370 1819 479 1875 ἀνεκτόν
492 1818 519 1874 δέ
539 1815 691 1892 ἡγουμένων
710 1821 790 1891 αφέσι
809 1821 897 1894 μήμό·

148 1924 207 1966 νον,
240 1899 257 1955 ά
285 1904 330 1958 διά
355 1907 402 1960 τόν
426 1906 542 1975 πόλεμον
568 1899 749 1977 ἀφῃρέθησαν
775 1903 833 1960 ὑπὸ
857 1905 899 1959 τῶν

148 1987 266 2058 ἐχθρῶν,
294 1983 360 2042 ἀλλά
379 1981 456 2043 καλά
472 1985 604 2058 δεομένοις
617 1984 671 2042 τισὶ
683 1987 736 2040 τῶν
749 1989 899 2043 πολιτῶνέν

149 2067 237 2141 εἰρήνη
250 2070 421 2138 συνήλλαξαν,
436 2067 612 2125 ἀπολωλέναι·
627 2066 773 2129 ἀξιοέιντων
788 2066 821 2124 δ’
848 2065 900 2127 οὔτε

148 2156 199 2207 τῶν
213 2152 354 2209 δανειστῶν
381 2150 459 2209 οάδέν
470 2155 580 2226 μέτριον
590 2151 752 2223 ἀπομένειν,
780 2150 847 2210 οὔτε
859 2155 903 2208 τῶν

147 2239 340 2308 χρεωφειλετῶν
365 2233 446 2290 οὗδέν
457 2239 544 2290 ποιεῖν
570 2235 683 2298 δίκαιον,
711 2231 782 2289 ἀλλά
796 2238 851 2290 τῶν
861 2238 904 2310 μέν

151 2316 215 2374 οὐδὲ
235 2319 296 2382 τοέις
321 2322 415 2384 τόκους
440 2316 562 2390 ἀφιέναι,
586 2320 639 2398 τῶν
653 2318 681 2372 δέ
693 2314 762 2388 μηδ’
791 2316 864 2375 αὐτά
876 2321 906 2374 τά

149 2404 359 2476 συναλλάγματα
373 2401 499 2457 διαλύειν·
528 2405 554 2464 ἐξ
579 2399 614 2456 ῶν
641 2401 753 2457 σάνοδοι
779 2405 833 2474 μέν
858 2398 906 2471 ἤδη

149 2488 216 2540 κατά
230 2487 382 2561 συστροφάς
395 2488 447 2540 τῶν
458 2487 486 2539 έν
505 2488 562 2549 ταῖς
579 2483 683 2557 ὁμοίαις
708 2484 796 2541 ὄντων
819 2487 909 2554 τύχαις

147 2568 275 2634 ἐγένοντο,
290 2566 335 2623 καὶ
348 2567 565 2642 ἀντιπαρατάξας
580 2572 647 2623 κατά
658 2570 706 2637 τὴν
720 2565 840 2644 ἀγοράν,
854 2571 908 2627 έοτι
