1890 2970
103 134 153 188 232
238 123 397 177 nlouYsu
415 123 758 179 flALleARNAssENsls

108 253 173 306 ρους
185 254 212 288 τε
225 225 295 289 εἶναι
307 230 355 288 καί
367 227 530 306 αὖθιμενεῖς,
549 230 595 289 καί
620 230 797 306 ἀμφιθαλεῖς·
840 228 867 290 οί

104 314 128 374 δ’
142 316 209 376 εἰσίν
220 321 248 383 ἐξ
258 316 458 388 δποιαςδήποτε
473 316 562 387 τίχης.
576 317 603 372 τί
613 320 668 393 γάρ
681 317 723 375 δεῖ
736 319 769 373 τά
784 321 867 377 πλείω

103 403 165 481 περὶ
178 397 266 460 αὖτῶν
278 404 392 477 γράφειν
399 429 411 469 ,·
491 419 498 444 ¹

164 485 286 545 LXXII.
302 482 337 543 ‘H
349 482 374 542 δ’
388 485 489 559 ἑβδόμη
503 489 586 561 μοῖρα
600 491 646 559 τῆς
658 485 733 562 ἱερᾶς
744 493 865 562 νομοθι·

101 574 162 638 σίας
175 571 210 646 τῷ
223 573 372 646 συστήματι
387 575 542 646 προσετέθη
556 574 608 627 τῶν
621 574 792 645 καλουμένων
810 582 861 631 Φε·

100 658 217 715 τιαλίων.
244 645 358 713 οὗτοιδ
371 653 405 713 ἂν
420 659 513 727 εἴησαν
539 661 608 714 κατά
634 658 682 726 τήν
703 653 862 729 Ἑλληνικήν

102 742 263 814 καλοίμενοι
277 741 424 808 διάλεκτον,
439 741 613 816 εἰρηνοδίκαι.
640 739 691 798 εἶσί
717 737 740 797 δ’
759 746 789 799 έκ
810 747 861 800 τῶν

99 826 215 902 άρίστων
228 829 306 882 οἴκων
320 823 413 900 ἄνδρες
421 828 561 894 ἐπίλεκτοι,
576 826 622 883 διά
635 828 738 892 παντὸς
748 826 860 905 ἱερωμέ-

100 934 142 968 νοι
155 916 204 968 τοῦ
218 913 291 984 βίου,
306 913 387 984 Νομᾶ
404 915 451 966 τοῑ·
465 913 596 984 βασιλέως
610 912 718 988 πρώτου
731 911 778 967 καί
792 915 860 969 τοῦ·

99 1018 130 1052 το
140 993 282 1070 Ῥωμαίοις
294 999 324 1052 τὸ
339 996 410 1071 ἱερὸν
429 994 537 1071 άρχεῖον
562 999 811 1070 καταστησαμένου·
837 994 860 1054 εί

98 1085 189 1153 μέντοι
200 1083 275 1155 παρά
289 1084 341 1137 τῶν
355 1084 526 1155 καλουμένων
537 1075 702 1155 Ἐβικλῶντό
710 1080 858 1158 παράδειμ·

98 1189 137 1241 μα
151 1165 253 1238 ἔλαβεν,
267 1160 356 1243 ὥσπερ
370 1167 476 1223 οἴονταί
491 1186 565 1231 τινες,
580 1164 597 1236 ή
609 1168 684 1243 παρά
697 1171 743 1238 τῆς
754 1163 860 1245 ἰλρδεα-

99 1253 151 1306 τῶν
165 1253 269 1318 πόλεως,
295 1249 330 1316 ὦς
351 1253 450 1326 γράφει
476 1252 593 1318 Γέλλιος,
623 1247 673 1309 οὐκ
699 1250 747 1325 ἔχω
764 1255 859 1327 λέγειν.

101 1334 205 1411 ιίπόχρη
221 1337 248 1394 δέ
259 1356 309 1410 μοι
322 1339 452 1393 τοσοῦτον
465 1338 549 1409 μόνον
561 1333 658 1404 εἰπεῖν,
687 1332 728 1392 ὅτι
746 1339 799 1412 πρδ
814 1340 860 1408 τῆς

101 1422 183 1494 Νομιῖ
195 1418 277 1496 ιίρχής
290 1416 367 1477 οίλπω
380 1424 472 1477 1615„-
486 1418 656 1494 εἰρηνοδικῶν
670 1421 860 1494 σίιστημαπαὲ

98 1508 133 1580 ροί
142 1502 283 1578 Ῥωμαίοις
296 1493 337 1573 ήν.
364 1507 544 1575 κατεστήσατο
572 1501 597 1561 δ’
624 1502 693 1562 αὐτὸ
706 1509 800 1579 Νομᾶς
813 1502 859 1563 ὅτε

104 1589 267 1660 Φιδηνάταις
279 1589 367 1662 έμελλε
376 1594 509 1664 πολεμεῖν,
524 1590 647 1665 λῃστείας
666 1591 711 1648 καί
725 1592 860 1667 καταδρο·

98 1678 152 1748 μάς
165 1679 210 1744 τής
220 1675 307 1749 χώρας
321 1664 406 1733 αὐτοῦ
419 1679 619 1749 ποιησαμένοις,
646 1672 669 1731 εί
681 1676 719 1749 μή
732 1677 859 1748 βοίλοιν·

100 1781 130 1814 το
144 1761 282 1832 συμβήναι
296 1759 357 1830 δίχα
378 1762 497 1832 πολέμου
523 1763 589 1834 πρὸς
611 1755 703 1827 αὐτὸν,
732 1757 798 1838 ὅπερ
823 1759 860 1827 είς

100 1841 222 1917 άνάμκην
234 1846 413 1909 καταστάντες
424 1845 564 1912 ἐποίησαν.
592 1847 686 1916 οίόμαι
701 1839 733 1910 δ’,
753 1846 859 1916 ἐπειδή·

100 1949 149 2001 περ
164 1920 215 1983 οὔκ
229 1926 301 1983 ἔστιν
314 1932 453 2004 ἐπιχώριον
465 1925 574 1999 Ἕλλησι
587 1930 619 1986 τό
633 1929 694 2007 περὶ
707 1930 769 1995 τοὺς
781 1928 859 2008 είρη-

99 2008 336 2086 νοδίκαςάρχεῖον,
357 2011 506 2089 ἀναγκαῖον
531 2009 600 2070 εἷναί
623 2035 671 2088 μοι
695 2016 787 2072 πόσων
810 2014 859 2072 καὶ

97 2096 217 2167 πηλίκων
230 2098 286 2153 ίστί
299 2102 463 2175 πραγμάτων
476 2099 570 2174 κύριον
584 2099 718 2167 διελθεῖν,
742 2099 789 2157 ’ίνα
802 2105 859 2166 τοῖς

99 2180 231 2255 άγνοοδσι
238 2184 286 2250 τήν
296 2177 431 2256 Ῥωμαίων
440 2179 585 2256 εὐσέβειαν,
600 2179 633 2254 ήν
646 2183 673 2240 οἱ
686 2180 780 2261 ἄνδρες
792 2190 857 2242 έπε-

97 2267 220 2336 τήδευον,
234 2269 270 2339 μή
285 2269 439 2342 παράδοξον
453 2268 528 2342 φανῇ
542 2271 572 2324 τά
592 2271 693 2336 πάντας
712 2265 806 2336 αὐτοῖς
823 2273 856 2329 τδ

97 2354 241 2408 κάλλιστον
253 2355 348 2426 λαβεῖν
361 2354 422 2416 τούς
435 2355 568 2425 πολέμους
577 2356 656 2419 τέλος.
669 2352 795 2413 ἁπάντων
800 2356 857 2432 γάρ

96 2433 185 2492 αὐτῶν
200 2439 245 2501 τάς
257 2434 341 2512 ολρχάς
360 2436 405 2492 καί
423 2438 471 2501 τάς
496 2436 640 2504 ὑποθέσεις
665 2433 857 2514 εὐσεβεστάτας

96 2521 267 2589 φανήσονται
281 2522 467 2596 ποιησάμενοι,
496 2523 541 2577 καί
562 2521 606 2578 διά
633 2526 713 2580 τοῦτο
735 2524 857 2597 μάλιστα

84 2603 248 2674 ῒθιίσθεοιλς
271 2609 415 2682 ἐσχηκότες
436 2610 464 2668 ίν
492 2610 549 2676 τοῖς
574 2606 710 2675 κινδυνοις
734 2604 856 2683 &minz
