1890 2970
144 111 180 175 84
264 108 422 162 οεοεετεο
439 104 780 161 αλεισλευεεεειεεεε

145 220 173 272 έν
181 217 234 279 τοῖς
242 209 340 278 ὅπλοις.
349 207 608 287 συνάψαςδάύεοῖς
618 215 706 287 μάχην
719 212 780 287 περί
789 216 905 286 τάμεθᾱ

145 302 215 374 δρια,
232 296 277 353 καί
289 298 403 363 πολλούς
415 299 463 368 μέν
482 294 647 364 ἀποκτείνας,
674 299 737 361 τούς
750 297 778 354 δέ
790 300 904 365 λοιπούς

146 382 311 458 τρεψάμενος
336 382 382 438 καί
395 383 568 447 κατακλείσας
577 379 613 446 εἷς
631 382 661 437 τύ
675 386 766 451 τεῖχος,
792 379 826 447 ὥς
849 379 904 440 ούκ

146 467 185 524 ἔτι
197 460 333 543 προῄεσαν
344 471 372 522 ἐκ
391 468 437 534 τῆς
453 467 566 533 πόλεως,
592 465 903 539 παραστρατοπεδεύσας

148 547 242 613 αὐτοῖς
254 549 421 624 ἀπετάφρευέ
432 569 461 604 τε
474 547 519 604 καί
539 551 740 624 περιεχαράκου,
756 549 801 605 καί
814 569 902 623 προο-

146 638 230 708 βολάς
254 637 369 690 ἐποιεῖτο
387 635 443 698 τοῖς
466 635 562 702 τείχεσι
586 637 708 702 συνεχεῖς.
734 633 762 690 οῖ
775 630 801 689 δ’
822 633 902 690 ’ένδον

148 723 209 784 τέως
221 720 269 791 μέν
284 715 461 786 ἀπεμάχοντο,
473 716 520 772 καί
533 717 617 773 πολύν
624 715 751 787 ἀντέσχον
764 717 797 791 τῇ
810 719 901 773 παλαι.

147 804 236 878 πωρίρι
245 803 356 878 χρόνον·
370 798 403 865 οῖς
416 800 445 856 δέ
458 799 581 858 ύπέλιπευ
591 797 689 867 αύτούς
701 804 735 856 τά
753 801 901 872 ἐπιτήδεια,

150 887 354 949 ἐξασθενοῦντες
367 887 400 941 τά
413 884 531 956 σώματα,
544 883 589 941 καὶ
606 880 662 940 οὔτ’
683 886 839 960 ἐπικουρίαν
853 880 904 942 ού-

150 970 243 1042 δεμίαν
255 969 458 1044 προσλαβόντες,
485 964 542 1025 οὔτ’
565 967 739 1033 ἀναπαύσεως
757 971 903 1043 τυγχάνον·

148 1073 196 1119 τες,
217 1052 284 1110 ἀλλά
298 1048 419 1124 κείμεθ’
433 1048 532 1127 ἡμέραν
546 1051 593 1108 καί
605 1055 707 1126 νύκτωρ
720 1051 799 1110 αύιοὶ
811 1057 913 1109 ταλαι-’

148 1140 301 1213 πορούντες,
336 1134 492 1194 ἁλίσκονται
513 1137 687 1212 κατακράτος.
711 1140 850 1209 γενόμενος
875 1137 904 1193 δέ

151 1225 198 1291 τῆς
209 1225 308 1287 πόλεως
318 1223 454 1297 ἐγκρατὴς,
481 1222 542 1284 τούς
553 1222 602 1295 μέν
619 1225 648 1276 έν
672 1225 727 1285 τοῖς
741 1216 833 1286 ὅπλοις
846 1219 906 1277 διὲ-

153 1311 259 1380 φθειρε,
272 1309 400 1378 γυναῖκας
414 1299 534 1363 δέαύεῶν
548 1305 686 1370 κοῖεέκνα,
700 1303 747 1361 καὶ
759 1307 821 1368 τούς
834 1303 906 1361 ύπο-

150 1393 292 1461 μείναντας
302 1386 483 1462 αῖχμαλεύτους
498 1391 634 1463 γενέσθαι,
654 1388 701 1445 καί
713 1389 745 1444 τύ
754 1390 805 1443 τῶν
818 1391 906 1463 θερα-

151 1476 256 1531 πόντων
284 1476 392 1543 πίῆθος
414 1469 480 1529 ούδέ
504 1470 698 1545 ἀριθμηθῆναι
723 1469 827 1547 ῥοίδιον,
847 1477 906 1537 τοῖς

152 1558 324 1632 προστάταις
347 1557 487 1629 ἐπέτρεψεν
511 1553 683 1629 ἀπάγεσθαι·
710 1576 758 1625 την
769 1577 796 1612 τε
822 1551 906 1624 ἀλλην

153 1646 198 1712 τῆς
208 1643 320 1711 κτήσεως
331 1636 407 1712 ἀγειν
420 1639 466 1695 καί
478 1642 574 1714 φέρειν,
589 1630 606 1714 ᾖ
620 1661 658 1704 τις
658 1641 799 1743 ,ἐπιτύχοι
814 1641 864 1708 τὴν
876 1661 906 1696 τε

151 1728 285 1790 εντόςτού
310 1724 412 1792 τείχούς
437 1722 482 1778 καὶ
507 1725 556 1793 τὴν
581 1723 689 1781 έπίτῶν
702 1723 804 1799 ἀγρῶν,
833 1721 905 1814 ἀφῆ-

151 1829 211 1864 κεν·
237 1805 356 1881 αργυρον
369 1807 398 1862 δε
422 1827 468 1862 και
458 1803 625 1881 χρυσὸν
610 1827 672 1875 οσος
683 1807 794 1883 ευρεθη
822 1827 907 1864 συνα-

150 1889 239 1966 γαγὼν
253 1888 289 1954 εἷς
304 1909 332 1943 εν
341 1889 448 1963 χωρίον,
462 1891 508 1948 καί
525 1894 572 1961 τήν
586 1890 697 1961 δεκάτην
709 1897 722 1948 ί
722 1889 892 1964 ξελύμενος’
867 1913 907 1958 εις

151 1975 317 2041 κατασκευήν
335 1971 415 2049 ῖερού,
430 1975 552 2031 τάλοιπά
562 1975 684 2049 χρήματα
697 1979 753 2041 τοῖς
771 1975 908 2051 στρατιώ-

150 2079 208 2124 ταις
234 2057 335 2115 διεῖλεν.
363 2053 434 2115 ούτω
459 2054 524 2116 δέ”
505 2080 559 2135 αρα
583 2055 693 2125 πολύςύ
719 2058 908 2132 καταληφθείς

152 2139 266 2245 ἀργυρύς
277 2163 305 2198 τε
318 2132 351 2211 ἦν
363 2165 410 2199 και
399 2142 535 2218 χρυσὸς,
561 2138 627 2199 ὥστε
646 2145 697 2200 τῶν
709 2147 757 2217 μέν
770 2164 909 2216 στρατιω-

152 2230 203 2284 τῶν
215 2224 328 2284 ἕκαστον
341 2230 417 2284 πέντε
428 2224 632 2302 μνάςάργυρίου
644 2229 744 2302 λαβεῖν,
760 2229 790 2283 τύ
805 2226 834 2283 δέ
846 2232 909 2294 τοῖς

151 2314 228 2376 θεοῖς
241 2309 444 2368 δεκατευθέν”
426 2312 555 2387 αργύριον
573 2313 748 2388 τετρακοσίων
772 2306 805 2368 ού
828 2315 909 2383 μεῖον

151 2398 278 2470 γενέσθαι
288 2397 432 2452 ταλάντων.

215 2477 262 2537 LI,
280 2475 339 2537 Ἔτι
352 2474 379 2534 δ’
389 2482 417 2536 ἐν
430 2477 463 2552 τῇ
477 2479 598 2554 Σουέσσῃ
614 2477 907 2552 διαερίβοντοςαύοού,

150 2567 239 2643 παρῆν
251 2583 290 2631 τις
307 2559 447 2640 ἀγγέλλων,
468 2557 509 2619 ὅτι
522 2565 647 2639 Σαβίνων
666 2561 682 2632 ἡ
703 2564 830 2638 κρατίστη
845 2568 905 2622 νεό-
