1890 2970
145 101 413 169 ANTIQVITATVM
426 99 559 152 ROMAN.
578 103 640 152 LIBv
651 104 695 154 lV.
749 110 798 166 129

63 208 136 284 ρίους
149 211 254 279 νόμους,
273 207 394 280 Σπόριον
405 206 583 281 Λουκρήτιον.
596 201 718 281 κάκεῖνος
731 205 798 265 ἀπο-

64 294 129 356 ύσας
141 293 189 361 τὴν
202 290 347 360 ἐκκλησίαν,
360 291 489 346 ἐκέλευσεν
502 285 621 354 ἅπαντας
636 286 704 359 ἥκειν
716 291 752 357 εἷς
766 296 797 348 τό

67 376 146 444 εύίον,
168 376 238 432 ἔνθα
263 373 378 442 σύνηθες
405 359 438 442 ἦν
463 369 556 437 αὐτοῖς
582 372 795 452 ἀρχαιρεσιάζειν,

63 481 151 531 χοντας
170 461 203 515 τά
229 453 298 513 ὅπλα
311 461 339 513 ἐν
357 458 438 524 τάχει.
466 453 633 530 ἀφικομένων
653 454 681 515 ό’
702 454 796 528 αὐτῶν,

65 544 145 619 νόρας
158 542 272 619 αἱρεῖται
286 539 334 599 ύύο
349 540 410 606 τούς
422 543 569 614 πράξοντας
583 538 636 603 ὅσοι
650 546 705 608 τοῖς
717 545 796 617 βασι-

63 631 134 685 ιύσιν
146 629 211 694 ἐξῆν,
232 626 357 700 Βρούτόν
382 646 409 681 τε
433 625 481 681 καὶ
494 628 695 696 ΙΚολλατῖνον·4
715 628 760 683 καί
781 628 796 684 ό

63 718 128 783 ἦμος
141 709 300 783 καλούμενος
319 711 387 766 κατά
399 711 493 779 λόχους
511 709 657 784 ἐπεκύρωσε
675 713 731 776 τοῖς
745 709 796 766 ἀν-

63 798 126 866 ράσι
139 796 186 864 τήν
200 791 290 862 ἀρχὴν.
305 794 350 850 καί
366 795 400 850 τά
417 794 467 865 μὲν
485 795 553 850 κατά
578 797 657 850 πόλιν
669 798 697 850 ἐν
710 795 795 866 τούτῳ

63 883 80 954 ρλ
91 881 180 955 χρόνῳ
192 881 347 954 πραχθέντα
360 879 473 934 τοιαύτοι
485 864 527 943 ἦν.

83 1029 227 1096 Tarquinio
247 1036 363 1092 tyranno
383 1035 478 1143 ιῇροτο
504 1029 605 1099 regium
627 1031 762 1095 ιπιρετίιινπ

135 1104 138 1111 “
368 1103 395 1143 to
417 1104 481 1144 ιέικν.

113 1217 260 1275 LXXXV.
283 1215 415 1278 Βασιλεύς
438 1215 466 1271 ab
483 1215 629 1290 Ταρκύνιος
647 1218 680 1282 όις
698 1214 795 1284 ἤκουσε

63 1305 119 1376 ἀρά
132 1306 183 1355 τῶν
197 1299 252 1355 ἀπὸ
272 1304 318 1368 τῆς
343 1300 441 1364 πόλεως
465 1295 581 1374 ἀγγέλων
606 1294 645 1378 οἷς
670 1304 796 1373 ἐξεγένετο

65 1387 166 1460 ράντοις,
180 1385 242 1459 πρίν
256 1382 273 1452 ἢ
288 1386 444 1452 κλεισθῆναι
458 1386 503 1449 τάς
527 1385 619 1451 πύλας,
645 1384 793 1460 όιαύράναι,

63 1472 176 1526 οσοότον
187 1469 271 1540 μόνον
286 1465 511 1542 ἀπαγγελλόντων,
531 1464 573 1525 ότι
585 1471 709 1544 Βροῦτος
721 1473 796 1526 κατέ-

63 1576 84 1609 ει
98 1555 144 1622 τὴν
157 1554 295 1621 ἐκκλησίαν
309 1551 479 1625 ύημαγωγῶν,
492 1553 538 1608 καί
551 1554 613 1618 τούς
625 1555 736 1616 πολίτας
750 1551 795 1609 ἐπὶ

63 1639 93 1706 ἦν
106 1637 260 1710 ἐλευθερίαν
273 1637 441 1710 παρακαλῶν,
456 1631 546 1693 ούύενλ
562 1639 612 1693 τῶν
626 1633 709 1693 ἀλλων
723 1639 795 1711 φρά-

63 1743 94 1785 ας
106 1718 237 1793 ἠπείγετο,
252 1721 313 1785 τούς
326 1717 400 1782 υἱούς
413 1717 553 1792 ἀναλαβὼν
567 1721 611 1778 καί
624 1724 675 1778 τῶν
688 1722 796 1795 ἑταίρων

63 1806 104 1869 ούς
119 1806 301 1872 πιστοτάτους,
314 1803 429 1859 ἐλαύνων
447 1805 509 1868 τούς
526 1804 626 1870 ίππους
644 1804 698 1862 ἀπό
717 1808 795 1876 ῥυτῆ·

63 1911 95 1956 ος,
111 1887 143 1952 ὡς
155 1891 271 1960 φθάσων
284 1887 332 1956 τήν
344 1884 503 1944 ἀπόστασιν.
517 1887 600 1964 εὑρὼν
612 1891 640 1946 δὲ
653 1892 795 1960 κεκλεισμέ·

63 1995 90 2037 ας
103 1977 150 2036 τάς
173 1973 266 2039 πύλας,
292 1971 339 2028 καί
362 1973 461 2044 μεστάς
486 1967 574 2028 ὅπλων
600 1978 646 2037 τάς
671 1975 792 2038 ἐπάλξεις,

63 2078 123 2126 χετο
149 2057 228 2111 πάλιν
250 2054 336 2111 ἐπίτό
364 2044 543 2132 στρατόπεδον
567 2053 663 2127 ὧςείχε
690 2061 792 2127 τάχους,

63 2140 159 2214 ἷμόιζων
173 2138 218 2194 καὶ
237 2138 413 2197 δεινοπαθῶν.
439 2139 512 2210 ἔτυχε
524 2140 552 2196 ιλέ
572 2135 649 2214 κάκεῖ
673 2144 706 2197 τά
726 2142 794 2212 προί-

63 2246 133 2295 ματα
147 2219 198 2293 ἤδη
214 2223 410 2297 διεφθαρμένα.
437 2223 464 2280 οἶ
489 2225 541 2298 γάρ
554 2219 661 2296 ὕπατοι,
687 2228 794 2293 ταχεῖαν

65 2305 128 2365 ύτού
142 2309 190 2376 τὴν
204 2309 356 2382 παρουσίαν
375 2308 419 2363 ἐπί
437 2309 484 2377 τήν
504 2311 581 2364 πόλιν
604 2307 794 2384 προορώμενοι,

64 2396 179 2464 ἑμπουσι
201 2394 345 2465 γριίμαατα
364 2385 428 2447 καθ’
449 2396 535 2466 ἐτέρας
554 2389 794 2466 ὁύούς“πρός’τούς

63 2478 87 2534 τί
99 2475 290 2551 στρατοπέδου,
305 2477 521 2551 παρακαλοῦντες
533 2470 631 2543 αύτούς
644 2474 793 2546 ἀποστῆναι

63 2564 92 2617 ού
105 2562 246 2637 τυράννου,
263 2557 307 2616 καλ
323 2561 354 2615 τά
368 2558 479 2623 ἀίξαντα
494 2563 547 2624 τοῖς
560 2563 586 2616 ἐν
599 2556 675 2632 ἀστει
684 2563 801 2619 ποιούν-

78 2645 186 2692 Ῐλιοιιτέ.
201 2644 230 2690 Τ,
241 2642 276 2690 11.
617 2646 630 2696 λ
