<?xml version="1.0" encoding="UTF-8"?>
<!DOCTYPE html PUBLIC "-//W3C//DTD XHTML 1.0 Transitional//EN"
    "http://www.w3.org/TR/xhtml1/DTD/xhtml1-transitional.dtd">
<html xmlns="http://www.w3.org/1999/xhtml" xml:lang="en" lang="en">
 <head>
  <title>
</title>
<meta http-equiv="Content-Type" content="text/html;charset=utf-8" />
  <meta name='ocr-system' content='tesseract 3.04.00' />
  <meta name='ocr-capabilities' content='ocr_page ocr_carea ocr_par ocr_line ocrx_word'/>
</head>
<body>
  <div class='ocr_page' id='page_1' title='image "./operaomnia00diongoog_0372.png"; bbox 0 0 1890 2970; ppageno 0'>
   <div class='ocr_carea' id='block_1_1' title="bbox 139 139 794 214">
    <p class='ocr_par' dir='ltr' id='par_1_1' title="bbox 139 139 794 214">
     <span class='ocr_line' id='line_1_1' title="bbox 139 139 794 214; baseline -0.021 -7"><span class='ocrx_word' id='word_1_1' title='bbox 139 151 192 214; x_wconf 81' lang='lat'><strong><em>312</em></strong></span> <span class='ocrx_word' id='word_1_2' title='bbox 250 174 256 185; x_wconf 88' lang='lat'><strong>·</strong></span> <span class='ocrx_word' id='word_1_3' title='bbox 278 142 438 197; x_wconf 81' lang='lat' dir='ltr'>DIONYSII</span> <span class='ocrx_word' id='word_1_4' title='bbox 453 139 794 196; x_wconf 79' lang='lat' dir='ltr'><strong>HALICARNASSENSIS</strong></span> 
     </span>
    </p>
   </div>
   <div class='ocr_carea' id='block_1_2' title="bbox 66 292 900 2702">
    <p class='ocr_par' dir='ltr' id='par_1_2' title="bbox 99 292 900 667">
     <span class='ocr_line' id='line_1_2' title="bbox 99 292 900 413; baseline -0.002 -19"><span class='ocrx_word' id='word_1_5' title='bbox 99 403 101 409; x_wconf 12' lang='grc' dir='ltr'>χ</span> <span class='ocrx_word' id='word_1_6' title='bbox 141 358 193 394; x_wconf 85' lang='grc' dir='ltr'><strong><em>νιεν</em></strong></span> <span class='ocrx_word' id='word_1_7' title='bbox 218 338 305 403; x_wconf 89' lang='grc' dir='ltr'><strong><em>πόλεις</em></strong></span> <span class='ocrx_word' id='word_1_8' title='bbox 330 333 387 413; x_wconf 82' lang='grc' dir='ltr'><strong><em>ίδίρι</em></strong></span> <span class='ocrx_word' id='word_1_9' title='bbox 404 337 452 409; x_wconf 85' lang='grc' dir='ltr'><strong><em>μίν</em></strong></span> <span class='ocrx_word' id='word_1_10' title='bbox 471 331 550 393; x_wconf 82' lang='grc' dir='ltr'><strong><em>οάδίν</em></strong></span> <span class='ocrx_word' id='word_1_11' title='bbox 564 292 742 412; x_wconf 71' lang='grc' dir='ltr'><strong><em>άπειίρίναντο</em></strong></span> <span class='ocrx_word' id='word_1_12' title='bbox 757 335 825 410; x_wconf 89' lang='grc' dir='ltr'><strong><em>πρός</em></strong></span> <span class='ocrx_word' id='word_1_13' title='bbox 838 337 900 400; x_wconf 87' lang='grc' dir='ltr'><strong><em>τούς</em></strong></span> 
     </span>
     <span class='ocr_line' id='line_1_3' title="bbox 141 418 900 518; baseline -0.005 -38"><span class='ocrx_word' id='word_1_14' title='bbox 141 445 179 499; x_wconf 99' lang='grc' dir='ltr'><strong><em>πρ</em></strong></span> <span class='ocrx_word' id='word_1_15' title='bbox 179 424 271 498; x_wconf 78' lang='grc' dir='ltr'><strong><em>ό,σβεις</em></strong></span> <span class='ocrx_word' id='word_1_16' title='bbox 299 442 392 518; x_wconf 78' lang='grc' dir='ltr'><strong><em>κοινη</em></strong></span> <span class='ocrx_word' id='word_1_17' title='bbox 364 421 424 477; x_wconf 81' lang='grc' dir='ltr'><strong><em>δὲ</em></strong></span> <span class='ocrx_word' id='word_1_18' title='bbox 436 441 487 478; x_wconf 85' lang='grc' dir='ltr'><strong><em>του</em></strong></span> <span class='ocrx_word' id='word_1_19' title='bbox 471 418 632 486; x_wconf 73' lang='grc' dir='ltr'><strong><em>”άθνους’</em></strong></span> <span class='ocrx_word' id='word_1_20' title='bbox 614 422 717 498; x_wconf 89' lang='grc' dir='ltr'><strong><em>αγοράν</em></strong></span> <span class='ocrx_word' id='word_1_21' title='bbox 731 425 759 476; x_wconf 83' lang='grc' dir='ltr'><strong><em>ἐν</em></strong></span> <span class='ocrx_word' id='word_1_22' title='bbox 778 421 900 496; x_wconf 76' lang='grc' dir='ltr'><strong><em>Φερεντί-</em></strong></span> 
     </span>
     <span class='ocr_line' id='line_1_4' title="bbox 143 489 900 583; baseline -0.004 -19"><span class='ocrx_word' id='word_1_23' title='bbox 143 529 179 583; x_wconf 77' lang='grc' dir='ltr'><strong><em>νῳ</em></strong></span> <span class='ocrx_word' id='word_1_24' title='bbox 190 508 375 581; x_wconf 82' lang='grc' dir='ltr'><strong><em>ποιησάμενοι,</em></strong></span> <span class='ocrx_word' id='word_1_25' title='bbox 383 489 556 581; x_wconf 75' lang='grc' dir='ltr'><strong><em>ψηφίζονται</em></strong></span> <span class='ocrx_word' id='word_1_26' title='bbox 580 507 618 580; x_wconf 81' lang='grc' dir='ltr'><strong><em>μή</em></strong></span> <span class='ocrx_word' id='word_1_27' title='bbox 644 509 813 582; x_wconf 76' lang='grc' dir='ltr'><strong><em>παραχωρεῖν</em></strong></span> <span class='ocrx_word' id='word_1_28' title='bbox 836 501 900 562; x_wconf 62' lang='grc' dir='ltr'><strong><em>ι-Ρω</em></strong></span> 
     </span>
     <span class='ocr_line' id='line_1_5' title="bbox 142 564 896 667; baseline -0.004 -18"><span class='ocrx_word' id='word_1_29' title='bbox 142 564 273 666; x_wconf 81' lang='grc' dir='ltr'><strong><em>μύίοις”</em></strong></span> <span class='ocrx_word' id='word_1_30' title='bbox 242 614 288 663; x_wconf 90' lang='grc' dir='ltr'><strong><em>της</em></strong></span> <span class='ocrx_word' id='word_1_31' title='bbox 302 590 391 667; x_wconf 73' lang='grc' dir='ltr'><strong><em>ἀρχῆς.</em></strong></span> <span class='ocrx_word' id='word_1_32' title='bbox 418 591 465 648; x_wconf 79' lang='grc' dir='ltr'><strong><em>καί</em></strong></span> <span class='ocrx_word' id='word_1_33' title='bbox 477 587 618 648; x_wconf 67' lang='grc' dir='ltr'><strong><em>αύτίνα’</em></strong></span> <span class='ocrx_word' id='word_1_34' title='bbox 589 594 732 667; x_wconf 81' lang='grc' dir='ltr'><strong><em>αιροῖινται</em></strong></span> <span class='ocrx_word' id='word_1_35' title='bbox 748 590 797 648; x_wconf 86' lang='grc' dir='ltr'><strong><em>δύο</em></strong></span> <span class='ocrx_word' id='word_1_36' title='bbox 818 610 896 666; x_wconf 84' lang='grc' dir='ltr'><strong><em>στρα</em></strong></span> 
     </span>
    </p>

    <p class='ocr_par' dir='ltr' id='par_1_3' title="bbox 66 673 900 2114">
     <span class='ocr_line' id='line_1_6' title="bbox 142 673 899 754; baseline -0.004 -19"><span class='ocrx_word' id='word_1_37' title='bbox 142 677 240 754; x_wconf 86' lang='grc' dir='ltr'><strong><em>τηγούς</em></strong></span> <span class='ocrx_word' id='word_1_38' title='bbox 253 673 486 754; x_wconf 83' lang='grc' dir='ltr'><strong><em>αύτοιιράτορας’</em></strong></span> <span class='ocrx_word' id='word_1_39' title='bbox 464 697 568 751; x_wconf 87' lang='grc' dir='ltr'><strong><em>ειρηνης</em></strong></span> <span class='ocrx_word' id='word_1_40' title='bbox 578 697 606 732; x_wconf 91' lang='grc' dir='ltr'><strong><em>τε</em></strong></span> <span class='ocrx_word' id='word_1_41' title='bbox 626 677 672 733; x_wconf 79' lang='grc' dir='ltr'><strong><em>καί</em></strong></span> <span class='ocrx_word' id='word_1_42' title='bbox 689 677 816 750; x_wconf 75' lang='grc' dir='ltr'><strong><em>πολέμου,</em></strong></span> <span class='ocrx_word' id='word_1_43' title='bbox 837 673 899 752; x_wconf 77' lang='grc' dir='ltr'><strong><em>’Ἀγ-</em></strong></span> 
     </span>
     <span class='ocr_line' id='line_1_7' title="bbox 143 759 899 837; baseline -0.008 -16"><span class='ocrx_word' id='word_1_44' title='bbox 143 784 191 821; x_wconf 87' lang='grc' dir='ltr'><strong><em>ειον</em></strong></span> <span class='ocrx_word' id='word_1_45' title='bbox 207 764 378 819; x_wconf 74' lang='grc' dir='ltr'><strong><em>Πουπλίκιον</em></strong></span> <span class='ocrx_word' id='word_1_46' title='bbox 393 766 421 819; x_wconf 78' lang='grc' dir='ltr'><strong><em>ἐκ</em></strong></span> <span class='ocrx_word' id='word_1_47' title='bbox 435 763 534 830; x_wconf 81' lang='grc' dir='ltr'><strong><em>πόλεως</em></strong></span> <span class='ocrx_word' id='word_1_48' title='bbox 552 764 658 837; x_wconf 85' lang='grc' dir='ltr'><strong><em>Κόρας,</em></strong></span> <span class='ocrx_word' id='word_1_49' title='bbox 686 761 732 817; x_wconf 83' lang='grc' dir='ltr'><strong><em>καί</em></strong></span> <span class='ocrx_word' id='word_1_50' title='bbox 757 759 899 818; x_wconf 72' lang='grc' dir='ltr'><strong><em>Σπούσιον</em></strong></span> 
     </span>
     <span class='ocr_line' id='line_1_8' title="bbox 147 845 899 920; baseline -0.004 -15"><span class='ocrx_word' id='word_1_51' title='bbox 147 845 286 905; x_wconf 76' lang='grc' dir='ltr'><strong><em>Οὐεκίλιον</em></strong></span> <span class='ocrx_word' id='word_1_52' title='bbox 311 851 340 904; x_wconf 83' lang='grc' dir='ltr'><strong><em>εἰι</em></strong></span> <span class='ocrx_word' id='word_1_53' title='bbox 365 846 527 905; x_wconf 75' lang='grc' dir='ltr'><strong><em>Λαουϊνίου.</em></strong></span> <span class='ocrx_word' id='word_1_54' title='bbox 568 845 612 902; x_wconf 87' lang='grc' dir='ltr'><strong><em>διά</em></strong></span> <span class='ocrx_word' id='word_1_55' title='bbox 632 847 731 910; x_wconf 89' lang='grc' dir='ltr'><strong><em>ταύτας</em></strong></span> <span class='ocrx_word' id='word_1_56' title='bbox 744 847 792 920; x_wconf 78' lang='grc' dir='ltr'><strong><em>μὲν</em></strong></span> <span class='ocrx_word' id='word_1_57' title='bbox 807 846 839 916; x_wconf 76' lang='grc' dir='ltr'><strong><em>δη</em></strong></span> <span class='ocrx_word' id='word_1_58' title='bbox 853 849 899 910; x_wconf 86' lang='grc' dir='ltr'><strong><em>τάς</em></strong></span> 
     </span>
     <span class='ocr_line' id='line_1_9' title="bbox 143 928 897 1007; baseline -0.003 -18"><span class='ocrx_word' id='word_1_59' title='bbox 143 932 348 1004; x_wconf 81' lang='grc' dir='ltr'><strong><em>αἰτίαςσυνόστη</em></strong></span> <span class='ocrx_word' id='word_1_60' title='bbox 359 928 500 1005; x_wconf 83' lang='grc' dir='ltr'><strong><em>Ῥωμαίοις</em></strong></span> <span class='ocrx_word' id='word_1_61' title='bbox 513 931 528 988; x_wconf 97' lang='grc' dir='ltr'><strong><em>ὁ</em></strong></span> <span class='ocrx_word' id='word_1_62' title='bbox 542 933 608 1007; x_wconf 84' lang='grc' dir='ltr'><strong><em>πρός</em></strong></span> <span class='ocrx_word' id='word_1_63' title='bbox 619 932 680 998; x_wconf 87' lang='grc' dir='ltr'><strong><em>τούς</em></strong></span> <span class='ocrx_word' id='word_1_64' title='bbox 694 931 835 1005; x_wconf 74' lang='grc' dir='ltr'><strong><em>ὁμοεθνεῖς</em></strong></span> <span class='ocrx_word' id='word_1_65' title='bbox 848 933 897 987; x_wconf 84' lang='grc' dir='ltr'><strong><em>πό·</em></strong></span> 
     </span>
     <span class='ocr_line' id='line_1_10' title="bbox 142 1013 897 1095; baseline -0.004 -20"><span class='ocrx_word' id='word_1_66' title='bbox 142 1024 225 1093; x_wconf 85' lang='grc' dir='ltr'><strong><em>λεμσς,</em></strong></span> <span class='ocrx_word' id='word_1_67' title='bbox 240 1015 350 1095; x_wconf 78' lang='grc' dir='ltr'><strong><em>προύβη</em></strong></span> <span class='ocrx_word' id='word_1_68' title='bbox 365 1017 394 1074; x_wconf 81' lang='grc' dir='ltr'><strong><em>δά</em></strong></span> <span class='ocrx_word' id='word_1_69' title='bbox 407 1013 469 1095; x_wconf 82' lang='grc' dir='ltr'><strong><em>άγρι</em></strong></span> <span class='ocrx_word' id='word_1_70' title='bbox 486 1020 644 1082; x_wconf 77' lang='grc' dir='ltr'><strong><em>πενταετοῦς</em></strong></span> <span class='ocrx_word' id='word_1_71' title='bbox 660 1019 768 1091; x_wconf 80' lang='grc' dir='ltr'><strong><em>χρόνον,</em></strong></span> <span class='ocrx_word' id='word_1_72' title='bbox 796 1020 897 1072; x_wconf 86' lang='grc' dir='ltr'><strong><em>πολιτι-</em></strong></span> 
     </span>
     <span class='ocr_line' id='line_1_11' title="bbox 142 1098 898 1178; baseline -0.007 -17"><span class='ocrx_word' id='word_1_73' title='bbox 142 1105 188 1170; x_wconf 88' lang='grc' dir='ltr'><strong><em>ιιός</em></strong></span> <span class='ocrx_word' id='word_1_74' title='bbox 197 1125 237 1168; x_wconf 88' lang='grc' dir='ltr'><strong><em>τις</em></strong></span> <span class='ocrx_word' id='word_1_75' title='bbox 248 1104 388 1178; x_wconf 88' lang='grc' dir='ltr'><strong><em>γενόμενος</em></strong></span> <span class='ocrx_word' id='word_1_76' title='bbox 402 1102 448 1160; x_wconf 81' lang='grc' dir='ltr'><strong><em>τισί</em></strong></span> <span class='ocrx_word' id='word_1_77' title='bbox 463 1100 600 1178; x_wconf 83' lang='grc' dir='ltr'><strong><em>άργαίιιός.</em></strong></span> <span class='ocrx_word' id='word_1_78' title='bbox 628 1098 690 1158; x_wconf 81' lang='grc' dir='ltr'><strong><em>οὔτε</em></strong></span> <span class='ocrx_word' id='word_1_79' title='bbox 702 1103 755 1176; x_wconf 89' lang='grc' dir='ltr'><strong><em>γάρ</em></strong></span> <span class='ocrx_word' id='word_1_80' title='bbox 770 1105 797 1158; x_wconf 81' lang='grc' dir='ltr'><strong><em>ἐκ</em></strong></span> <span class='ocrx_word' id='word_1_81' title='bbox 811 1122 898 1176; x_wconf 88' lang='grc' dir='ltr'><strong><em>παρα·</em></strong></span> 
     </span>
     <span class='ocr_line' id='line_1_12' title="bbox 143 1182 899 1264; baseline -0.005 -18"><span class='ocrx_word' id='word_1_82' title='bbox 143 1191 235 1255; x_wconf 84' lang='grc' dir='ltr'><strong><em>τάξεως</em></strong></span> <span class='ocrx_word' id='word_1_83' title='bbox 249 1184 322 1253; x_wconf 82' lang='grc' dir='ltr'><strong><em>ὅλοις</em></strong></span> <span class='ocrx_word' id='word_1_84' title='bbox 334 1193 389 1252; x_wconf 85' lang='grc' dir='ltr'><strong><em>τοῖς</em></strong></span> <span class='ocrx_word' id='word_1_85' title='bbox 403 1187 586 1263; x_wconf 74' lang='grc' dir='ltr'><strong><em>στρατεύμασι</em></strong></span> <span class='ocrx_word' id='word_1_86' title='bbox 599 1190 664 1264; x_wconf 89' lang='grc' dir='ltr'><strong><em>πρός</em></strong></span> <span class='ocrx_word' id='word_1_87' title='bbox 679 1182 729 1244; x_wconf 80' lang='grc' dir='ltr'><strong><em>ὅλα</em></strong></span> <span class='ocrx_word' id='word_1_88' title='bbox 742 1187 899 1261; x_wconf 74' lang='grc' dir='ltr'><strong><em>συμβαλοῦ-</em></strong></span> 
     </span>
     <span class='ocr_line' id='line_1_13' title="bbox 143 1272 897 1349; baseline 0 -19"><span class='ocrx_word' id='word_1_89' title='bbox 143 1294 170 1330; x_wconf 92' lang='grc' dir='ltr'><strong><em>σι</em></strong></span> <span class='ocrx_word' id='word_1_90' title='bbox 181 1275 281 1349; x_wconf 89' lang='grc' dir='ltr'><strong><em>μεγάλη</em></strong></span> <span class='ocrx_word' id='word_1_91' title='bbox 295 1276 423 1349; x_wconf 86' lang='grc' dir='ltr'><strong><em>συμφορά</em></strong></span> <span class='ocrx_word' id='word_1_92' title='bbox 442 1272 488 1330; x_wconf 83' lang='grc' dir='ltr'><strong><em>καί</em></strong></span> <span class='ocrx_word' id='word_1_93' title='bbox 514 1275 597 1346; x_wconf 83' lang='grc' dir='ltr'><strong><em>φόνος</em></strong></span> <span class='ocrx_word' id='word_1_94' title='bbox 620 1273 762 1347; x_wconf 79' lang='grc' dir='ltr'><strong><em>ὁλοσχερὴς</em></strong></span> <span class='ocrx_word' id='word_1_95' title='bbox 788 1273 897 1346; x_wconf 79' lang='grc' dir='ltr'><strong><em>συνίβη,</em></strong></span> 
     </span>
     <span class='ocr_line' id='line_1_14' title="bbox 144 1354 899 1433; baseline 0 -19"><span class='ocrx_word' id='word_1_96' title='bbox 144 1354 205 1415; x_wconf 85' lang='grc' dir='ltr'><strong><em>σύτε</em></strong></span> <span class='ocrx_word' id='word_1_97' title='bbox 219 1360 295 1424; x_wconf 82' lang='grc' dir='ltr'><strong><em>πόλις</em></strong></span> <span class='ocrx_word' id='word_1_98' title='bbox 307 1355 394 1414; x_wconf 81' lang='grc' dir='ltr'><strong><em>αύτῶν</em></strong></span> <span class='ocrx_word' id='word_1_99' title='bbox 409 1354 522 1431; x_wconf 75' lang='grc' dir='ltr'><strong><em>οὐδεμία</em></strong></span> <span class='ocrx_word' id='word_1_100' title='bbox 535 1359 641 1433; x_wconf 74' lang='grc' dir='ltr'><strong><em>πολέμῳ</em></strong></span> <span class='ocrx_word' id='word_1_101' title='bbox 652 1359 831 1433; x_wconf 83' lang='grc' dir='ltr'><strong><em>κρατηθείσα,</em></strong></span> <span class='ocrx_word' id='word_1_102' title='bbox 852 1376 899 1414; x_wconf 73' lang='grc' dir='ltr'><strong><em>τοι·</em></strong></span> 
     </span>
     <span class='ocr_line' id='line_1_15' title="bbox 145 1439 899 1516; baseline 0 -17"><span class='ocrx_word' id='word_1_103' title='bbox 145 1445 290 1515; x_wconf 84' lang='grc' dir='ltr'><strong><em>τασιιαφῆς,</em></strong></span> <span class='ocrx_word' id='word_1_104' title='bbox 305 1439 616 1516; x_wconf 77' lang='grc' dir='ltr'><strong><em>ἢάνδραποδισμού,”</em></strong></span> <span class='ocrx_word' id='word_1_105' title='bbox 598 1465 615 1511; x_wconf 90' lang='grc' dir='ltr'><strong><em>η</em></strong></span> <span class='ocrx_word' id='word_1_106' title='bbox 642 1464 659 1497; x_wconf 90' lang='grc' dir='ltr'><strong><em>α</em></strong></span> <span class='ocrx_word' id='word_1_107' title='bbox 648 1439 719 1512; x_wconf 81' lang='grc' dir='ltr'><strong><em>”λλης</em></strong></span> <span class='ocrx_word' id='word_1_108' title='bbox 744 1439 853 1507; x_wconf 87' lang='grc' dir='ltr'><strong><em>τινός</em></strong></span> <span class='ocrx_word' id='word_1_109' title='bbox 835 1463 899 1510; x_wconf 88' lang='grc' dir='ltr'><strong><em>ανη·</em></strong></span> 
     </span>
     <span class='ocr_line' id='line_1_16' title="bbox 144 1523 899 1633; baseline -0.005 -47"><span class='ocrx_word' id='word_1_110' title='bbox 144 1531 240 1586; x_wconf 85' lang='grc' dir='ltr'><strong><em>κε’στου</em></strong></span> <span class='ocrx_word' id='word_1_111' title='bbox 263 1529 402 1633; x_wconf 83' lang='grc' dir='ltr'><strong><em>συμφοράς</em></strong></span> <span class='ocrx_word' id='word_1_112' title='bbox 421 1529 571 1604; x_wconf 76' lang='grc' dir='ltr'><strong><em>ἐπειράθη·</em></strong></span> <span class='ocrx_word' id='word_1_113' title='bbox 597 1523 653 1584; x_wconf 84' lang='grc' dir='ltr'><strong><em>άλλ</em></strong></span> <span class='ocrx_word' id='word_1_114' title='bbox 678 1526 780 1600; x_wconf 69' lang='grc' dir='ltr'><strong><em>ἔμβαλ’</em></strong></span> <span class='ocrx_word' id='word_1_115' title='bbox 765 1547 837 1592; x_wconf 85' lang='grc' dir='ltr'><strong><em>οντις</em></strong></span> <span class='ocrx_word' id='word_1_116' title='bbox 864 1524 899 1591; x_wconf 83' lang='grc' dir='ltr'><strong><em>είς</em></strong></span> 
     </span>
     <span class='ocr_line' id='line_1_17' title="bbox 144 1609 900 1690; baseline -0.004 -20"><span class='ocrx_word' id='word_1_117' title='bbox 144 1616 191 1684; x_wconf 85' lang='grc' dir='ltr'><strong><em>την</em></strong></span> <span class='ocrx_word' id='word_1_118' title='bbox 204 1611 368 1684; x_wconf 86' lang='grc' dir='ltr'><strong><em>αλληλων</em></strong></span> <span class='ocrx_word' id='word_1_119' title='bbox 334 1635 384 1690; x_wconf 89' lang='grc' dir='ltr'><strong><em>γην</em></strong></span> <span class='ocrx_word' id='word_1_120' title='bbox 406 1609 459 1668; x_wconf 88' lang='grc' dir='ltr'><strong><em>ύπὸ</em></strong></span> <span class='ocrx_word' id='word_1_121' title='bbox 487 1614 534 1683; x_wconf 76' lang='grc' dir='ltr'><strong><em>τήν</em></strong></span> <span class='ocrx_word' id='word_1_122' title='bbox 552 1610 641 1686; x_wconf 82' lang='grc' dir='ltr'><strong><em>άνμην</em></strong></span> <span class='ocrx_word' id='word_1_123' title='bbox 667 1633 715 1669; x_wconf 89' lang='grc' dir='ltr'><strong><em>του</em></strong></span> <span class='ocrx_word' id='word_1_124' title='bbox 741 1614 827 1679; x_wconf 83' lang='grc' dir='ltr'><strong><em>σίτου,</em></strong></span> <span class='ocrx_word' id='word_1_125' title='bbox 852 1610 900 1668; x_wconf 81' lang='grc' dir='ltr'><strong><em>καί</em></strong></span> 
     </span>
     <span class='ocr_line' id='line_1_18' title="bbox 142 1693 898 1775; baseline -0.003 -21"><span class='ocrx_word' id='word_1_126' title='bbox 142 1699 379 1775; x_wconf 76' lang='grc' dir='ltr'><strong><em>προνομεύσαντες,</em></strong></span> <span class='ocrx_word' id='word_1_127' title='bbox 400 1696 506 1771; x_wconf 79' lang='grc' dir='ltr'><strong><em>ἀπῆγον</em></strong></span> <span class='ocrx_word' id='word_1_128' title='bbox 526 1693 566 1755; x_wconf 81' lang='grc' dir='ltr'><strong><em>ἐπ’</em></strong></span> <span class='ocrx_word' id='word_1_129' title='bbox 587 1699 666 1754; x_wconf 81' lang='grc' dir='ltr'><strong><em>οἴκων</em></strong></span> <span class='ocrx_word' id='word_1_130' title='bbox 692 1698 739 1763; x_wconf 88' lang='grc' dir='ltr'><strong><em>τάς</em></strong></span> <span class='ocrx_word' id='word_1_131' title='bbox 766 1696 898 1770; x_wconf 82' lang='grc' dir='ltr'><strong><em>δυνάμεις,</em></strong></span> 
     </span>
     <span class='ocr_line' id='line_1_19' title="bbox 66 1780 899 1858; baseline -0.001 -20"><span class='ocrx_word' id='word_1_132' title='bbox 66 1808 70 1815; x_wconf 92' lang='grc'><em>·</em></span> <span class='ocrx_word' id='word_1_133' title='bbox 144 1785 345 1858; x_wconf 84' lang='grc' dir='ltr'><strong><em>διαμειβόμενοι</em></strong></span> <span class='ocrx_word' id='word_1_134' title='bbox 358 1783 421 1848; x_wconf 88' lang='grc' dir='ltr'><strong><em>τούς</em></strong></span> <span class='ocrx_word' id='word_1_135' title='bbox 442 1780 631 1857; x_wconf 75' lang='grc' dir='ltr'><strong><em>αἰχμαλώτους.</em></strong></span> <span class='ocrx_word' id='word_1_136' title='bbox 657 1784 724 1857; x_wconf 90' lang='grc' dir='ltr'><strong><em>μίαν</em></strong></span> <span class='ocrx_word' id='word_1_137' title='bbox 738 1782 766 1838; x_wconf 75' lang='grc' dir='ltr'><strong><em>δὲ</em></strong></span> <span class='ocrx_word' id='word_1_138' title='bbox 779 1784 857 1840; x_wconf 84' lang='grc' dir='ltr'><strong><em>πόλιν</em></strong></span> <span class='ocrx_word' id='word_1_139' title='bbox 871 1785 899 1838; x_wconf 77' lang='grc' dir='ltr'><strong><em>ἐκ</em></strong></span> 
     </span>
     <span class='ocr_line' id='line_1_20' title="bbox 144 1865 900 1944; baseline -0.001 -21"><span class='ocrx_word' id='word_1_140' title='bbox 144 1871 192 1923; x_wconf 77' lang='grc' dir='ltr'><strong><em>τοῦ</em></strong></span> <span class='ocrx_word' id='word_1_141' title='bbox 206 1869 331 1925; x_wconf 86' lang='grc' dir='ltr'><strong><em>Λατίνων</em></strong></span> <span class='ocrx_word' id='word_1_142' title='bbox 345 1865 444 1933; x_wconf 69' lang='grc' dir='ltr'><strong><em>ἔθνους</em></strong></span> <span class='ocrx_word' id='word_1_143' title='bbox 471 1868 648 1936; x_wconf 85' lang='grc' dir='ltr'><strong><em>Μεδύλλειαν,</em></strong></span> <span class='ocrx_word' id='word_1_144' title='bbox 674 1867 835 1944; x_wconf 83' lang='grc' dir='ltr'><strong><em>παλαίτερον</em></strong></span> <span class='ocrx_word' id='word_1_145' title='bbox 862 1865 900 1923; x_wconf 75' lang='grc' dir='ltr'><strong><em>ἔτι</em></strong></span> 
     </span>
     <span class='ocr_line' id='line_1_21' title="bbox 140 1949 900 2029; baseline 0.001 -21.008"><span class='ocrx_word' id='word_1_146' title='bbox 140 1951 275 2026; x_wconf 80' lang='grc' dir='ltr'><strong><em>Ῥωμαίων</em></strong></span> <span class='ocrx_word' id='word_1_147' title='bbox 301 1949 430 2010; x_wconf 85' lang='grc' dir='ltr'><strong><em>άποινίαν</em></strong></span> <span class='ocrx_word' id='word_1_148' title='bbox 456 1956 600 2029; x_wconf 81' lang='grc' dir='ltr'><strong><em>γενομένην</em></strong></span> <span class='ocrx_word' id='word_1_149' title='bbox 625 1953 670 2010; x_wconf 80' lang='grc' dir='ltr'><strong><em>ἐπί</em></strong></span> <span class='ocrx_word' id='word_1_150' title='bbox 695 1956 742 2024; x_wconf 75' lang='grc' dir='ltr'><strong><em>τῆς</em></strong></span> <span class='ocrx_word' id='word_1_151' title='bbox 760 1950 900 2028; x_wconf 81' lang='grc' dir='ltr'><strong><em>Ῥωμύλου</em></strong></span> 
     </span>
     <span class='ocr_line' id='line_1_22' title="bbox 144 2036 896 2114; baseline 0 -20"><span class='ocrx_word' id='word_1_152' title='bbox 144 2036 233 2113; x_wconf 81' lang='grc' dir='ltr'><strong><em>οἷρχης,</em></strong></span> <span class='ocrx_word' id='word_1_153' title='bbox 253 2036 287 2102; x_wconf 80' lang='grc' dir='ltr'><strong><em>ὥς</em></strong></span> <span class='ocrx_word' id='word_1_154' title='bbox 300 2042 328 2094; x_wconf 89' lang='grc' dir='ltr'><strong><em>εν</em></strong></span> <span class='ocrx_word' id='word_1_155' title='bbox 339 2060 376 2113; x_wconf 87' lang='grc' dir='ltr'><strong><em>τω</em></strong></span> <span class='ocrx_word' id='word_1_156' title='bbox 390 2041 443 2114; x_wconf 89' lang='grc' dir='ltr'><strong><em>πρό</em></strong></span> <span class='ocrx_word' id='word_1_157' title='bbox 457 2038 711 2108; x_wconf 83' lang='grc' dir='ltr'><strong><em>τούτουδιδηλοιται</em></strong></span> <span class='ocrx_word' id='word_1_158' title='bbox 724 2040 801 2114; x_wconf 82' lang='grc' dir='ltr'><strong><em>λόγῳ,</em></strong></span> <span class='ocrx_word' id='word_1_159' title='bbox 814 2059 896 2113; x_wconf 82' lang='grc' dir='ltr'><strong><em>μετα·</em></strong></span> 
     </span>
    </p>

    <p class='ocr_par' dir='ltr' id='par_1_4' title="bbox 144 2113 899 2198">
     <span class='ocr_line' id='line_1_23' title="bbox 144 2113 899 2198; baseline -0.003 -19"><span class='ocrx_word' id='word_1_160' title='bbox 144 2125 260 2198; x_wconf 79' lang='grc' dir='ltr'><strong><em>θεμένην</em></strong></span> <span class='ocrx_word' id='word_1_161' title='bbox 273 2113 387 2190; x_wconf 74' lang='grc' dir='ltr'><strong><em>αὖθις</em></strong></span> <span class='ocrx_word' id='word_1_162' title='bbox 369 2146 404 2189; x_wconf 87' lang='grc' dir='ltr'><strong><em>ως</em></strong></span> <span class='ocrx_word' id='word_1_163' title='bbox 416 2124 478 2189; x_wconf 85' lang='grc' dir='ltr'><strong><em>τούς</em></strong></span> <span class='ocrx_word' id='word_1_164' title='bbox 504 2125 651 2197; x_wconf 81' lang='grc' dir='ltr'><strong><em>ὁμοεθνεῖς,</em></strong></span> <span class='ocrx_word' id='word_1_165' title='bbox 679 2124 820 2198; x_wconf 84' lang='grc' dir='ltr'><strong><em>πολιορκίᾳ</em></strong></span> <span class='ocrx_word' id='word_1_166' title='bbox 844 2142 899 2178; x_wconf 73' lang='grc' dir='ltr'><strong><em>πα·</em></strong></span> 
     </span>
    </p>

    <p class='ocr_par' dir='ltr' id='par_1_5' title="bbox 143 2205 898 2314">
     <span class='ocr_line' id='line_1_24' title="bbox 143 2205 898 2314; baseline -0.001 -49"><span class='ocrx_word' id='word_1_167' title='bbox 143 2211 343 2314; x_wconf 84' lang='grc' dir='ltr'><strong><em>ραοτησάμενος</em></strong></span> <span class='ocrx_word' id='word_1_168' title='bbox 356 2210 372 2266; x_wconf 93' lang='grc' dir='ltr'><strong><em>ὁ</em></strong></span> <span class='ocrx_word' id='word_1_169' title='bbox 386 2212 436 2265; x_wconf 83' lang='grc' dir='ltr'><strong><em>τῶν</em></strong></span> <span class='ocrx_word' id='word_1_170' title='bbox 445 2205 581 2282; x_wconf 82' lang='grc' dir='ltr'><strong><em>Ῥωμαίων</em></strong></span> <span class='ocrx_word' id='word_1_171' title='bbox 595 2208 758 2310; x_wconf 82' lang='grc' dir='ltr'><strong><em>βασιλεύς,”</em></strong></span> <span class='ocrx_word' id='word_1_172' title='bbox 743 2219 829 2265; x_wconf 82' lang='grc' dir='ltr'><strong><em>επεισε</em></strong></span> <span class='ocrx_word' id='word_1_173' title='bbox 841 2227 898 2279; x_wconf 83' lang='grc' dir='ltr'><strong><em>μη-</em></strong></span> 
     </span>
    </p>

    <p class='ocr_par' dir='ltr' id='par_1_6' title="bbox 142 2289 899 2456">
     <span class='ocr_line' id='line_1_25' title="bbox 144 2289 899 2369; baseline -0.001 -19"><span class='ocrx_word' id='word_1_174' title='bbox 144 2294 221 2350; x_wconf 80' lang='grc' dir='ltr'><strong><em>δεν’</em></strong></span> <span class='ocrx_word' id='word_1_175' title='bbox 207 2317 244 2352; x_wconf 88' lang='grc' dir='ltr'><strong><em>εττ</em></strong></span> <span class='ocrx_word' id='word_1_176' title='bbox 271 2296 442 2369; x_wconf 82' lang='grc' dir='ltr'><strong><em>νεωτερίζειν</em></strong></span> <span class='ocrx_word' id='word_1_177' title='bbox 468 2290 533 2349; x_wconf 86' lang='grc' dir='ltr'><strong><em>άλλο</em></strong></span> <span class='ocrx_word' id='word_1_178' title='bbox 554 2293 582 2350; x_wconf 88' lang='grc' dir='ltr'><strong><em>δε</em></strong></span> <span class='ocrx_word' id='word_1_179' title='bbox 595 2289 682 2351; x_wconf 79' lang='grc' dir='ltr'><strong><em>ούθίν</em></strong></span> <span class='ocrx_word' id='word_1_180' title='bbox 696 2315 731 2349; x_wconf 86' lang='grc' dir='ltr'><strong><em>ων</em></strong></span> <span class='ocrx_word' id='word_1_181' title='bbox 745 2315 771 2350; x_wconf 91' lang='grc' dir='ltr'><strong><em>οι</em></strong></span> <span class='ocrx_word' id='word_1_182' title='bbox 762 2290 899 2366; x_wconf 70' lang='grc' dir='ltr'><strong><em>’πόλεμον</em></strong></span> 
     </span>
     <span class='ocr_line' id='line_1_26' title="bbox 142 2375 898 2482; baseline -0.001 -47"><span class='ocrx_word' id='word_1_183' title='bbox 142 2382 255 2456; x_wconf 80' lang='grc' dir='ltr'><strong><em>φέρουσι</em></strong></span> <span class='ocrx_word' id='word_1_184' title='bbox 275 2381 366 2438; x_wconf 84' lang='grc' dir='ltr'><strong><em>δεινῶν</em></strong></span> <span class='ocrx_word' id='word_1_185' title='bbox 384 2375 468 2436; x_wconf 75' lang='grc' dir='ltr'><strong><em>οὐδ”</em></strong></span> <span class='ocrx_word' id='word_1_186' title='bbox 458 2381 555 2454; x_wconf 81' lang='grc' dir='ltr'><strong><em>ετίροις</em></strong></span> <span class='ocrx_word' id='word_1_187' title='bbox 567 2383 594 2434; x_wconf 80' lang='grc' dir='ltr'><strong><em>ἐν</em></strong></span> <span class='ocrx_word' id='word_1_188' title='bbox 605 2377 641 2453; x_wconf 67' lang='grc' dir='ltr'><strong><em>τῷ</em></strong></span> <span class='ocrx_word' id='word_1_189' title='bbox 655 2380 710 2436; x_wconf 84' lang='grc' dir='ltr'><strong><em>τότε</em></strong></span> <span class='ocrx_word' id='word_1_190' title='bbox 726 2379 823 2482; x_wconf 79' lang='grc' dir='ltr'><strong><em>συνεβη</em></strong></span> <span class='ocrx_word' id='word_1_191' title='bbox 834 2380 898 2452; x_wconf 75' lang='grc' dir='ltr'><strong><em>χρό-</em></strong></span> 
     </span>
    </p>

    <p class='ocr_par' dir='ltr' id='par_1_7' title="bbox 141 2433 898 2702">
     <span class='ocr_line' id='line_1_27' title="bbox 143 2433 898 2540; baseline 0.001 -20"><span class='ocrx_word' id='word_1_192' title='bbox 143 2487 185 2538; x_wconf 84' lang='grc' dir='ltr'><strong><em>νῳ.</em></strong></span> <span class='ocrx_word' id='word_1_193' title='bbox 211 2467 351 2540; x_wconf 76' lang='grc' dir='ltr'><strong><em>τοιγάρτοι</em></strong></span> <span class='ocrx_word' id='word_1_194' title='bbox 365 2458 459 2540; x_wconf 72' lang='grc' dir='ltr'><strong><em>ῥᾴδιαί</em></strong></span> <span class='ocrx_word' id='word_1_195' title='bbox 472 2483 499 2518; x_wconf 87' lang='grc' dir='ltr'><strong><em>τε</em></strong></span> <span class='ocrx_word' id='word_1_196' title='bbox 512 2485 557 2520; x_wconf 82' lang='grc' dir='ltr'><strong><em>νισι</em></strong></span> <span class='ocrx_word' id='word_1_197' title='bbox 549 2433 679 2521; x_wconf 76' lang='grc' dir='ltr'><strong><em>ου’δίν”</em></strong></span> <span class='ocrx_word' id='word_1_198' title='bbox 664 2485 774 2537; x_wconf 88' lang='grc' dir='ltr'><strong><em>εγειοτον</em></strong></span> <span class='ocrx_word' id='word_1_199' title='bbox 788 2462 898 2533; x_wconf 70' lang='grc' dir='ltr'><strong><em>ἔχουσαι</em></strong></span> 
     </span>
     <span class='ocr_line' id='line_1_28' title="bbox 144 2543 896 2624; baseline 0.005 -21"><span class='ocrx_word' id='word_1_200' title='bbox 144 2549 288 2624; x_wconf 74' lang='grc' dir='ltr'><strong><em>προθυμίη</em></strong></span> <span class='ocrx_word' id='word_1_201' title='bbox 320 2551 371 2604; x_wconf 79' lang='grc' dir='ltr'><strong><em>τῶν</em></strong></span> <span class='ocrx_word' id='word_1_202' title='bbox 390 2543 528 2621; x_wconf 75' lang='grc' dir='ltr'><strong><em>Ῥωμαίων</em></strong></span> <span class='ocrx_word' id='word_1_203' title='bbox 563 2547 593 2605; x_wconf 86' lang='grc' dir='ltr'><strong><em>αί</em></strong></span> <span class='ocrx_word' id='word_1_204' title='bbox 615 2547 751 2613; x_wconf 80' lang='grc' dir='ltr'><strong><em>διαλύσεις</em></strong></span> <span class='ocrx_word' id='word_1_205' title='bbox 776 2551 896 2607; x_wconf 70' lang='grc' dir='ltr'><strong><em>ἐπετελέ-</em></strong></span> 
     </span>
     <span class='ocr_line' id='line_1_29' title="bbox 141 2637 255 2702; baseline 0 -14"><span class='ocrx_word' id='word_1_206' title='bbox 141 2637 255 2702; x_wconf 82' lang='grc' dir='ltr'><strong><em>σθησαν.</em></strong></span> 
     </span>
    </p>
   </div>
   <div class='ocr_carea' id='block_1_3' title="bbox 0 0 954 2970">
    <p class='ocr_par' dir='ltr' id='par_1_8' title="bbox 0 0 954 2970">
     <span class='ocr_line' id='line_1_30' title="bbox 0 0 954 2970; baseline 0 0"><span class='ocrx_word' id='word_1_207' title='bbox 0 0 954 2970; x_wconf 95' lang='lat' dir='ltr'><strong><em> </em></strong></span> 
     </span>
    </p>
   </div>
  </div>
 </body>
</html>
