1890 2970
145 93 419 162 ANTIQVITATVM
440 92 572 146 τουτου.
595 95 711 144 ταωνι.
763 100 814 155 ηπ

73 203 221 270 ,τεχνῶνται
260 201 403 271 πολέμους,
443 197 488 254 καί
514 193 641 254 οὖάὲποτε
665 197 814 253 παύσονται

62 289 127 352 ,τῆς
150 283 297 356 ἐπιβούλου
323 285 495 358 προαιρέσεως
517 284 631 347 ἑκόντες,
659 279 705 344 ἕως
731 278 815 336 αὐτῶν

63 371 162 435 ,τοῦτο
176 372 203 422 ἐν
217 370 275 430 ταῖς
288 371 389 440 ψυχαῖς
401 367 431 421 τά
447 365 576 436 δύστηνον
590 368 685 420 τ’νοικεῖ
709 367 815 427 πάθος·

63 452 113 520 ,οῖ
122 474 152 526 γε
166 452 330 513 τελευτῶντες
344 448 395 505 ὑπὸ
409 449 527 523 τυράννῳ
550 451 739 518 ποιήσασθαι,
761 452 815 517 θη-

62 537 144 609 ,ρίων
158 533 282 591 ἀπάντων
296 532 456 607 ἀγριωτάτῳ,
477 536 589 606 συγγενῆ
601 535 676 603 σφῶν
697 532 744 600 τήν
758 536 810 588 πά-

62 622 122 687 ,λιν
141 619 322 693 ἐπεχείρησαν,
348 615 454 680 ἀντάσας
478 614 673 690 ἀνατρέψαντες
697 616 745 679 τάς
770 614 815 671 ἐπί

62 705 154 768 ,θεῶν
173 701 330 774 ὁμολογίας,
356 696 508 763 οάκάλλαις
520 698 590 756 τισίν
608 700 710 754 ἐλπίσιν
730 703 812 770 ἐπαρ-

64 788 180 852 ,θίνττς
208 779 263 840 ἀλλ’
281 781 338 850 ὅτι,
364 783 399 840 άν
411 785 448 856 μή
462 779 552 847 αάτοῖς
564 784 631 838 κατά
644 781 751 857 γνώμην
761 804 812 852 γω-

61 870 147 944 ,ρίηση
161 871 194 924 τά
208 870 255 923 τοῖν
269 871 395 942 πολίμου,
421 867 496 936 δίκην
510 863 636 941 οὐδεμίαν
664 866 810 938 ὑφέξουσιν,

60 949 97 1022 ,ἥ
110 972 168 1010 τινα
181 953 278 1027 μικράν
292 953 397 1026 κομιδῇ.
412 950 609 1026 παραθείγμαοί
621 971 649 1005 τε
669 949 714 1005 καί
732 945 811 1013 αάτὸς

61 1035 154 1104 ,ἠξίου
165 1041 286 1110 χρῆσθαι
299 1039 355 1097 τοῖς
368 1038 418 1089 τῶν
434 1036 573 1107 προγόνων
599 1033 697 1107 ἔργοις,
726 1032 753 1087 οῖ
764 1035 811 1099 τὴν

60 1116 204 1192 ,Ἀλβανῶν
218 1122 302 1184 πάλιν,
329 1122 356 1180 ἐξ
379 1106 409 1186 ῶς
432 1115 510 1174 αὐτοί
535 1115 739 1192 ἀπῳκίσθησαν,
765 1117 812 1172 καί

58 1203 201 1269 ,Λατίνων
215 1204 302 1257 πάσαν
323 1203 423 1266 πόλεις,
450 1200 540 1269 ἐπειδὴ
557 1202 718 1272 φθονοῦσαν
730 1200 809 1272 ίγνω-

59 1306 128 1353 ,οαν
141 1289 197 1349 τοῖς
213 1281 299 1340 αὐτῶν
327 1282 453 1356 ἀγαθοῖς,
476 1284 522 1341 καί
535 1286 581 1354 τὴν
594 1280 695 1350 ἀδειαν,
719 1279 752 1352 ἣν
766 1283 808 1340 ἐπὶ

59 1373 135 1436 ,τοῖς
147 1370 260 1442 πράτοις
279 1366 464 1442 ἁμαρτήμασιν
482 1363 594 1442 εάρατο,
612 1370 728 1439 μείζονος
746 1371 808 1421 ἐντι-

59 1455 175 1524 ,βουλῆς
188 1451 312 1524 ἀφορμάν
322 1453 516 1523 ποιησαμένην,
536 1455 563 1506 ἐν
581 1447 665 1525 ἡμέρη
684 1453 806 1505 καθελεῖν

57 1535 273 1608 ,,ἒ’γνωσανμιηῖ·
300 1538 328 1590 ίν
341 1537 389 1608 ῖοην
416 1533 534 1598 ἀίξαντες
559 1530 627 1590 εἶναι
653 1535 683 1588 τὸ
708 1533 807 1605 μηδένα

57 1616 213 1694 ,οἰκτείρειν
223 1621 274 1674 τῶν
287 1621 319 1673 τά
331 1619 422 1694 μίτρια
436 1616 695 1692 άμαρτανάντων,τηῖ
706 1617 807 1689 μηάίνα

57 1707 254 1776 ,τιμωρεῖσθαι
269 1704 318 1758 τῶν
335 1706 367 1756 τά
380 1703 491 1775 μέγιστα
510 1699 556 1755 καί
576 1699 732 1776 ἀδιόρθωτα
751 1699 808 1753 ἀάι-

58 1786 202 1861 ,κοάντωκ
225 1789 323 1855 πολλῆς
337 1783 365 1841 δ’
380 1780 447 1841 εἶναι
458 1785 557 1858 μωρίας
578 1784 622 1840 καί
648 1781 808 1856 ἀναλγησίας

56 1868 167 1943 ,ῖργονΙ
181 1865 215 1924 οὗ
226 1873 279 1943 γάρ
293 1869 323 1939 δη
338 1870 545 1941 φιλανθρωπίας
558 1864 619 1923 οὐδὲ
631 1868 806 1940 μετριότητος·

56 1955 123 2018 ,τὸν
132 1956 183 2008 τῶν
196 1951 391 2009 ἀποικισάντων
403 1953 472 2024 σφεῖς
485 1951 663 2023 φθάνον,ίπτί
677 1953 744 2025 πὲρα
757 1953 805 2005 τοῦ

55 2036 179 2101 ,άεόντος
205 2035 290 2099 ἔδοξεν
315 2031 382 2092 εἶναι
406 2036 491 2110 βαρὺς
515 2033 560 2090 καί
585 2033 730 2109 ἀφόρητος,
755 2031 804 2089 οάκ

56 2117 284 2192 ,,ἀναοχομίνους,
312 2121 359 2175 τάν
371 2121 422 2174 τῶν
436 2119 568 2192 ὁμογενῶν
581 2117 735 2189 ῖπομίνειν·
759 2117 806 2171 καί

58 2203 182 2268 ,τοίςίν
199 2205 320 2259 ἐλάττοσι
345 2203 449 2279 πείραις
473 2203 642 2276 ἐλεγχθέντας
666 2201 806 2271 πολεμίους

54 2285 212 2361 ,ἀφαιρέσει
225 2288 323 2342 πόλεων
338 2286 525 2359 ζημιώσαντας,
552 2287 628 2358 παρά
642 2287 694 2340 τῶν
706 2285 804 2339 πολλά·

56 2389 115 2434 ,κτς
127 2372 159 2427 τά
171 2374 249 2444 μῖσος
259 2367 434 2426 ἀάιάλίακτον
448 2367 658 2442 ἀποάειὲαμίνων
673 2366 805 2441 μηδεμίαν

54 2450 274 2526 ,εἰσπράξασθαι
300 2453 383 2524 δίκην.
405 2449 479 2508 ταῦτ’
494 2449 583 2518 εἶπάν,
607 2451 654 2507 καί
678 2453 724 2514 τάς
737 2449 803 2506 ἀπο-

12 2585 14 2589 .
56 2539 179 2602 ,στάσεις
202 2539 254 2594 τῶν
270 2537 394 2596 Λατίνων
420 2535 527 2599 ἀντάσας
551 2535 799 2612 ἐξαριθμησάμενος,

553 2619 598 2669 S2
