<?xml version="1.0" encoding="UTF-8"?>
<!DOCTYPE html PUBLIC "-//W3C//DTD XHTML 1.0 Transitional//EN"
    "http://www.w3.org/TR/xhtml1/DTD/xhtml1-transitional.dtd">
<html xmlns="http://www.w3.org/1999/xhtml" xml:lang="en" lang="en">
 <head>
  <title>
</title>
<meta http-equiv="Content-Type" content="text/html;charset=utf-8" />
  <meta name='ocr-system' content='tesseract 3.04.00' />
  <meta name='ocr-capabilities' content='ocr_page ocr_carea ocr_par ocr_line ocrx_word'/>
</head>
<body>
  <div class='ocr_page' id='page_1' title='image "./operaomnia00diongoog_0542.png"; bbox 0 0 1890 2970; ppageno 0'>
   <div class='ocr_carea' id='block_1_1' title="bbox 145 95 778 161">
    <p class='ocr_par' dir='ltr' id='par_1_1' title="bbox 145 95 778 161">
     <span class='ocr_line' id='line_1_1' title="bbox 145 95 778 161; baseline -0.005 -10"><span class='ocrx_word' id='word_1_1' title='bbox 145 108 184 161; x_wconf 77' lang='lat'><strong><em>90-</em></strong></span> <span class='ocrx_word' id='word_1_2' title='bbox 264 98 423 155; x_wconf 74' lang='lat' dir='ltr'><strong>DIONYSII</strong></span> <span class='ocrx_word' id='word_1_3' title='bbox 439 95 778 149; x_wconf 77' lang='lat' dir='ltr'><strong>HALICARNASSENSIS</strong></span> 
     </span>
    </p>
   </div>
   <div class='ocr_carea' id='block_1_2' title="bbox 119 200 901 2628">
    <p class='ocr_par' dir='ltr' id='par_1_2' title="bbox 119 200 901 2628">
     <span class='ocr_line' id='line_1_2' title="bbox 145 200 900 279; baseline -0.001 -16"><span class='ocrx_word' id='word_1_4' title='bbox 145 208 196 263; x_wconf 83' lang='grc' dir='ltr'><strong><em>τῶν</em></strong></span> <span class='ocrx_word' id='word_1_5' title='bbox 210 205 320 278; x_wconf 74' lang='grc' dir='ltr'><strong><em>ἑταίρων</em></strong></span> <span class='ocrx_word' id='word_1_6' title='bbox 333 203 396 270; x_wconf 89' lang='grc' dir='ltr'><strong><em>τούς</em></strong></span> <span class='ocrx_word' id='word_1_7' title='bbox 408 204 584 269; x_wconf 73' lang='grc' dir='ltr'><strong><em>πιστοτάτους</em></strong></span> <span class='ocrx_word' id='word_1_8' title='bbox 596 201 710 276; x_wconf 79' lang='grc' dir='ltr'><strong><em>ἔπεμπεν</em></strong></span> <span class='ocrx_word' id='word_1_9' title='bbox 729 200 764 267; x_wconf 79' lang='grc' dir='ltr'><strong><em>ὥς</em></strong></span> <span class='ocrx_word' id='word_1_10' title='bbox 782 201 900 279; x_wconf 75' lang='grc' dir='ltr'><strong><em>αύτομό.</em></strong></span> 
     </span>
     <span class='ocr_line' id='line_1_3' title="bbox 119 281 901 364; baseline -0.001 -18"><span class='ocrx_word' id='word_1_11' title='bbox 119 293 121 296; x_wconf 74' lang='grc'>’</span> <span class='ocrx_word' id='word_1_12' title='bbox 145 293 214 356; x_wconf 87' lang='grc' dir='ltr'><strong><em>λους,</em></strong></span> <span class='ocrx_word' id='word_1_13' title='bbox 229 289 385 364; x_wconf 83' lang='grc' dir='ltr'><strong><em>φράσοντας</em></strong></span> <span class='ocrx_word' id='word_1_14' title='bbox 396 290 452 352; x_wconf 80' lang='grc' dir='ltr'><strong><em>τοῖς</em></strong></span> <span class='ocrx_word' id='word_1_15' title='bbox 471 287 585 354; x_wconf 75' lang='grc' dir='ltr'><strong><em>Γαβίοις</em></strong></span> <span class='ocrx_word' id='word_1_16' title='bbox 603 281 637 342; x_wconf 81' lang='grc' dir='ltr'><strong><em>δι’</em></strong></span> <span class='ocrx_word' id='word_1_17' title='bbox 662 283 829 362; x_wconf 77' lang='grc' dir='ltr'><strong><em>άπαρῥήτων,</em></strong></span> <span class='ocrx_word' id='word_1_18' title='bbox 857 286 901 345; x_wconf 85' lang='grc' dir='ltr'><strong><em>ὅτι</em></strong></span> 
     </span>
     <span class='ocr_line' id='line_1_4' title="bbox 146 364 898 448; baseline -0.012 -18"><span class='ocrx_word' id='word_1_19' title='bbox 146 376 270 448; x_wconf 73' lang='grc' dir='ltr'><strong><em>πολεμεῖν</em></strong></span> <span class='ocrx_word' id='word_1_20' title='bbox 282 372 319 445; x_wconf 82' lang='grc' dir='ltr'><strong><em>τῷ</em></strong></span> <span class='ocrx_word' id='word_1_21' title='bbox 342 370 425 446; x_wconf 74' lang='grc' dir='ltr'><strong><em>πατρὶ</em></strong></span> <span class='ocrx_word' id='word_1_22' title='bbox 438 372 586 442; x_wconf 76' lang='grc' dir='ltr'><strong><em>διέγνωκεν,</em></strong></span> <span class='ocrx_word' id='word_1_23' title='bbox 613 369 647 437; x_wconf 83' lang='grc' dir='ltr'><strong><em>ὧς</em></strong></span> <span class='ocrx_word' id='word_1_24' title='bbox 659 364 758 434; x_wconf 83' lang='grc' dir='ltr'><strong><em>αύτούς</em></strong></span> <span class='ocrx_word' id='word_1_25' title='bbox 771 368 898 446; x_wconf 85' lang='grc' dir='ltr'><strong><em>άφικόμε.</em></strong></span> 
     </span>
     <span class='ocr_line' id='line_1_5' title="bbox 147 449 898 534; baseline -0.005 -19"><span class='ocrx_word' id='word_1_26' title='bbox 147 478 199 522; x_wconf 85' lang='grc' dir='ltr'><strong><em>νος,</em></strong></span> <span class='ocrx_word' id='word_1_27' title='bbox 215 453 238 514; x_wconf 82' lang='grc' dir='ltr'><strong><em>εἲ</em></strong></span> <span class='ocrx_word' id='word_1_28' title='bbox 249 458 330 528; x_wconf 87' lang='grc' dir='ltr'><strong><em>λάβοι</em></strong></span> <span class='ocrx_word' id='word_1_29' title='bbox 354 458 444 513; x_wconf 80' lang='grc' dir='ltr'><strong><em>πύστιν</em></strong></span> <span class='ocrx_word' id='word_1_30' title='bbox 457 450 499 510; x_wconf 82' lang='grc' dir='ltr'><strong><em>ὅτι</em></strong></span> <span class='ocrx_word' id='word_1_31' title='bbox 524 456 687 527; x_wconf 71' lang='grc' dir='ltr'><strong><em>φυλάξουσιν</em></strong></span> <span class='ocrx_word' id='word_1_32' title='bbox 711 449 795 510; x_wconf 88' lang='grc' dir='ltr'><strong><em>αύτύν</em></strong></span> <span class='ocrx_word' id='word_1_33' title='bbox 809 450 898 534; x_wconf 78' lang='grc' dir='ltr'><strong><em>ὥσπερ</em></strong></span> 
     </span>
     <span class='ocr_line' id='line_1_6' title="bbox 147 535 898 612; baseline -0.001 -14"><span class='ocrx_word' id='word_1_34' title='bbox 147 540 194 598; x_wconf 78' lang='grc' dir='ltr'><strong><em>καὶ</em></strong></span> <span class='ocrx_word' id='word_1_35' title='bbox 206 541 269 607; x_wconf 89' lang='grc' dir='ltr'><strong><em>τούς</em></strong></span> <span class='ocrx_word' id='word_1_36' title='bbox 285 535 381 604; x_wconf 82' lang='grc' dir='ltr'><strong><em>άλλους</em></strong></span> <span class='ocrx_word' id='word_1_37' title='bbox 393 539 455 604; x_wconf 90' lang='grc' dir='ltr'><strong><em>τούς</em></strong></span> <span class='ocrx_word' id='word_1_38' title='bbox 467 543 495 594; x_wconf 76' lang='grc' dir='ltr'><strong><em>ἐκ</em></strong></span> <span class='ocrx_word' id='word_1_39' title='bbox 505 535 604 611; x_wconf 81' lang='grc' dir='ltr'><strong><em>Ῥώμης</em></strong></span> <span class='ocrx_word' id='word_1_40' title='bbox 615 537 748 612; x_wconf 84' lang='grc' dir='ltr'><strong><em>φυγάδας,</em></strong></span> <span class='ocrx_word' id='word_1_41' title='bbox 776 537 823 596; x_wconf 81' lang='grc' dir='ltr'><strong><em>καύ</em></strong></span> <span class='ocrx_word' id='word_1_42' title='bbox 848 536 898 597; x_wconf 85' lang='grc' dir='ltr'><strong><em>ούιι</em></strong></span> 
     </span>
     <span class='ocr_line' id='line_1_7' title="bbox 146 620 898 698; baseline -0.001 -16"><span class='ocrx_word' id='word_1_43' title='bbox 146 625 292 682; x_wconf 81' lang='grc' dir='ltr'><strong><em>ἐκδώσουσι</em></strong></span> <span class='ocrx_word' id='word_1_44' title='bbox 303 622 339 696; x_wconf 75' lang='grc' dir='ltr'><strong><em>τηλ</em></strong></span> <span class='ocrx_word' id='word_1_45' title='bbox 349 622 443 698; x_wconf 80' lang='grc' dir='ltr'><strong><em>πατρὶ,</em></strong></span> <span class='ocrx_word' id='word_1_46' title='bbox 466 624 514 687; x_wconf 88' lang='grc' dir='ltr'><strong><em>τάς</em></strong></span> <span class='ocrx_word' id='word_1_47' title='bbox 526 620 597 688; x_wconf 74' lang='grc' dir='ltr'><strong><em>ἰδίας</em></strong></span> <span class='ocrx_word' id='word_1_48' title='bbox 622 621 721 697; x_wconf 74' lang='grc' dir='ltr'><strong><em>ἔχθρας</em></strong></span> <span class='ocrx_word' id='word_1_49' title='bbox 744 624 898 689; x_wconf 76' lang='grc' dir='ltr'><strong><em>ἐλπίσαντες</em></strong></span> 
     </span>
     <span class='ocr_line' id='line_1_8' title="bbox 149 705 896 781; baseline -0.003 -14"><span class='ocrx_word' id='word_1_50' title='bbox 149 709 194 767; x_wconf 77' lang='grc' dir='ltr'><strong><em>ἐπὶ</em></strong></span> <span class='ocrx_word' id='word_1_51' title='bbox 212 709 247 781; x_wconf 79' lang='grc' dir='ltr'><strong><em>τῷ</em></strong></span> <span class='ocrx_word' id='word_1_52' title='bbox 271 707 388 781; x_wconf 75' lang='grc' dir='ltr'><em>σφετέρῳ</em></span> <span class='ocrx_word' id='word_1_53' title='bbox 405 710 568 780; x_wconf 77' lang='grc' dir='ltr'><strong><em>συμφέροντι</em></strong></span> <span class='ocrx_word' id='word_1_54' title='bbox 594 705 788 763; x_wconf 74' lang='grc' dir='ltr'><strong><em>διαλύσασθαι.</em></strong></span> <span class='ocrx_word' id='word_1_55' title='bbox 814 705 896 780; x_wconf 80' lang='grc' dir='ltr'><strong><em>άσμὲ-</em></strong></span> 
     </span>
     <span class='ocr_line' id='line_1_9' title="bbox 147 787 896 865; baseline -0.004 -16"><span class='ocrx_word' id='word_1_56' title='bbox 147 814 196 857; x_wconf 91' lang='grc' dir='ltr'><strong><em>νως</em></strong></span> <span class='ocrx_word' id='word_1_57' title='bbox 209 790 238 847; x_wconf 74' lang='grc' dir='ltr'><strong><em>δὲ</em></strong></span> <span class='ocrx_word' id='word_1_58' title='bbox 250 791 301 845; x_wconf 85' lang='grc' dir='ltr'><strong><em>τῶν</em></strong></span> <span class='ocrx_word' id='word_1_59' title='bbox 313 791 423 865; x_wconf 75' lang='grc' dir='ltr'><strong><em>Γαβίων</em></strong></span> <span class='ocrx_word' id='word_1_60' title='bbox 435 792 481 846; x_wconf 85' lang='grc' dir='ltr'><strong><em>τὸν</em></strong></span> <span class='ocrx_word' id='word_1_61' title='bbox 493 793 573 864; x_wconf 83' lang='grc' dir='ltr'><strong><em>λόγου</em></strong></span> <span class='ocrx_word' id='word_1_62' title='bbox 586 787 766 858; x_wconf 72' lang='grc' dir='ltr'><strong><em>ἀκουσάντων,</em></strong></span> <span class='ocrx_word' id='word_1_63' title='bbox 785 790 832 847; x_wconf 78' lang='grc' dir='ltr'><strong><em>καὶ</em></strong></span> <span class='ocrx_word' id='word_1_64' title='bbox 842 814 896 865; x_wconf 86' lang='grc' dir='ltr'><strong><em>μη-</em></strong></span> 
     </span>
     <span class='ocr_line' id='line_1_10' title="bbox 149 869 897 949; baseline -0.001 -17"><span class='ocrx_word' id='word_1_65' title='bbox 149 877 191 932; x_wconf 83' lang='grc' dir='ltr'><strong><em>δὲν</em></strong></span> <span class='ocrx_word' id='word_1_66' title='bbox 204 869 325 940; x_wconf 80' lang='grc' dir='ltr'><strong><em>εἷςαύτόν</em></strong></span> <span class='ocrx_word' id='word_1_67' title='bbox 331 873 528 949; x_wconf 63' lang='grc' dir='ltr'><strong><em>παρανομήσειν</em></strong></span> <span class='ocrx_word' id='word_1_68' title='bbox 540 873 814 948; x_wconf 83' lang='grc' dir='ltr'><strong><em>διομολογησαμένων,</em></strong></span> <span class='ocrx_word' id='word_1_69' title='bbox 828 898 897 948; x_wconf 84' lang='grc' dir='ltr'><strong><em>παρ-</em></strong></span> 
     </span>
     <span class='ocr_line' id='line_1_11' title="bbox 147 956 899 1034; baseline 0.003 -20"><span class='ocrx_word' id='word_1_70' title='bbox 147 964 179 1030; x_wconf 85' lang='grc' dir='ltr'><strong><em>ἢν</em></strong></span> <span class='ocrx_word' id='word_1_71' title='bbox 192 958 313 1034; x_wconf 79' lang='grc' dir='ltr'><strong><em>λταλραυς</em></strong></span> <span class='ocrx_word' id='word_1_72' title='bbox 326 978 354 1013; x_wconf 89' lang='grc' dir='ltr'><strong><em>τε</em></strong></span> <span class='ocrx_word' id='word_1_73' title='bbox 366 958 479 1022; x_wconf 86' lang='grc' dir='ltr'><strong><em>πολλούς</em></strong></span> <span class='ocrx_word' id='word_1_74' title='bbox 492 956 537 1012; x_wconf 80' lang='grc' dir='ltr'><strong><em>καὶ</em></strong></span> <span class='ocrx_word' id='word_1_75' title='bbox 555 959 668 1023; x_wconf 88' lang='grc' dir='ltr'><strong><em>πελάτας</em></strong></span> <span class='ocrx_word' id='word_1_76' title='bbox 686 960 850 1032; x_wconf 76' lang='grc' dir='ltr'><strong><em>ἐπαγόμενος</em></strong></span> <span class='ocrx_word' id='word_1_77' title='bbox 863 959 899 1027; x_wconf 83' lang='grc' dir='ltr'><strong><em>άις</em></strong></span> 
     </span>
     <span class='ocr_line' id='line_1_12' title="bbox 147 1037 899 1115; baseline 0 -17"><span class='ocrx_word' id='word_1_78' title='bbox 147 1038 326 1115; x_wconf 85' lang='grc' dir='ltr'><strong><em>ωύτομόλους·</em></strong></span> <span class='ocrx_word' id='word_1_79' title='bbox 344 1040 388 1098; x_wconf 73' lang='grc' dir='ltr'><strong><em>ἵνα</em></strong></span> <span class='ocrx_word' id='word_1_80' title='bbox 402 1041 435 1110; x_wconf 77' lang='grc' dir='ltr'><strong><em>δὴ</em></strong></span> <span class='ocrx_word' id='word_1_81' title='bbox 452 1041 551 1112; x_wconf 81' lang='grc' dir='ltr'><strong><em>μάλλον</em></strong></span> <span class='ocrx_word' id='word_1_82' title='bbox 569 1037 641 1115; x_wconf 80' lang='grc' dir='ltr'><strong><em>αύτῷ</em></strong></span> <span class='ocrx_word' id='word_1_83' title='bbox 653 1040 820 1098; x_wconf 79' lang='grc' dir='ltr'><strong><em>πιστεύσειαν</em></strong></span> <span class='ocrx_word' id='word_1_84' title='bbox 833 1040 899 1113; x_wconf 85' lang='grc' dir='ltr'><strong><em>άλη-</em></strong></span> 
     </span>
     <span class='ocr_line' id='line_1_13' title="bbox 146 1121 898 1202; baseline 0.001 -19"><span class='ocrx_word' id='word_1_85' title='bbox 146 1125 237 1183; x_wconf 79' lang='grc' dir='ltr'><strong><em>θεύειν</em></strong></span> <span class='ocrx_word' id='word_1_86' title='bbox 250 1126 298 1195; x_wconf 77' lang='grc' dir='ltr'><strong><em>την</em></strong></span> <span class='ocrx_word' id='word_1_87' title='bbox 311 1121 365 1182; x_wconf 87' lang='grc' dir='ltr'><strong><em>άπό</em></strong></span> <span class='ocrx_word' id='word_1_88' title='bbox 375 1127 424 1182; x_wconf 81' lang='grc' dir='ltr'><strong><em>τού</em></strong></span> <span class='ocrx_word' id='word_1_89' title='bbox 436 1126 537 1199; x_wconf 89' lang='grc' dir='ltr'><strong><em>πατρός</em></strong></span> <span class='ocrx_word' id='word_1_90' title='bbox 550 1122 709 1192; x_wconf 85' lang='grc' dir='ltr'><strong><em>άπόστασιν,</em></strong></span> <span class='ocrx_word' id='word_1_91' title='bbox 724 1122 854 1202; x_wconf 84' lang='grc' dir='ltr'><strong><em>όργύριόν</em></strong></span> <span class='ocrx_word' id='word_1_92' title='bbox 869 1150 898 1184; x_wconf 86' lang='grc' dir='ltr'><strong><em>τε</em></strong></span> 
     </span>
     <span class='ocr_line' id='line_1_14' title="bbox 147 1206 898 1285; baseline 0.001 -19"><span class='ocrx_word' id='word_1_93' title='bbox 147 1210 192 1266; x_wconf 80' lang='grc' dir='ltr'><strong><em>καὶ</em></strong></span> <span class='ocrx_word' id='word_1_94' title='bbox 201 1209 314 1280; x_wconf 84' lang='grc' dir='ltr'><strong><em>γρυσλον</em></strong></span> <span class='ocrx_word' id='word_1_95' title='bbox 326 1208 395 1265; x_wconf 90' lang='grc' dir='ltr'><strong><em>πολύ</em></strong></span> <span class='ocrx_word' id='word_1_96' title='bbox 420 1211 539 1281; x_wconf 74' lang='grc' dir='ltr'><strong><em>κομίζων.</em></strong></span> <span class='ocrx_word' id='word_1_97' title='bbox 563 1209 748 1282; x_wconf 71' lang='grc' dir='ltr'><strong><em>ἐπισυνέρρεόν</em></strong></span> <span class='ocrx_word' id='word_1_98' title='bbox 773 1231 802 1266; x_wconf 84' lang='grc' dir='ltr'><strong><em>τε</em></strong></span> <span class='ocrx_word' id='word_1_99' title='bbox 823 1206 898 1285; x_wconf 72' lang='grc' dir='ltr'><strong><em>αύτῷ</em></strong></span> 
     </span>
     <span class='ocr_line' id='line_1_15' title="bbox 147 1292 897 1366; baseline 0.003 -17"><span class='ocrx_word' id='word_1_100' title='bbox 147 1293 239 1350; x_wconf 80' lang='grc' dir='ltr'><strong><em>πολλοὶ</em></strong></span> <span class='ocrx_word' id='word_1_101' title='bbox 251 1294 318 1363; x_wconf 84' lang='grc' dir='ltr'><strong><em>μετά</em></strong></span> <span class='ocrx_word' id='word_1_102' title='bbox 331 1296 416 1349; x_wconf 77' lang='grc' dir='ltr'><strong><em>ταῦτα</em></strong></span> <span class='ocrx_word' id='word_1_103' title='bbox 428 1295 479 1349; x_wconf 81' lang='grc' dir='ltr'><strong><em>τῶν</em></strong></span> <span class='ocrx_word' id='word_1_104' title='bbox 490 1297 518 1349; x_wconf 77' lang='grc' dir='ltr'><strong><em>ἐκ</em></strong></span> <span class='ocrx_word' id='word_1_105' title='bbox 531 1295 576 1361; x_wconf 79' lang='grc' dir='ltr'><strong><em>τῆς</em></strong></span> <span class='ocrx_word' id='word_1_106' title='bbox 588 1295 701 1360; x_wconf 87' lang='grc' dir='ltr'><strong><em>πόλεως,</em></strong></span> <span class='ocrx_word' id='word_1_107' title='bbox 726 1292 833 1366; x_wconf 83' lang='grc' dir='ltr'><strong><em>φεύγειν</em></strong></span> <span class='ocrx_word' id='word_1_108' title='bbox 846 1298 897 1363; x_wconf 79' lang='grc' dir='ltr'><strong><em>τήν</em></strong></span> 
     </span>
     <span class='ocr_line' id='line_1_16' title="bbox 147 1365 895 1453; baseline 0.001 -21"><span class='ocrx_word' id='word_1_109' title='bbox 147 1370 292 1453; x_wconf 76' lang='grc' dir='ltr'><strong><em>τυραννίδα</em></strong></span> <span class='ocrx_word' id='word_1_110' title='bbox 304 1378 493 1450; x_wconf 82' lang='grc' dir='ltr'><strong><em>σκηπτόμενοι·</em></strong></span> <span class='ocrx_word' id='word_1_111' title='bbox 521 1377 566 1432; x_wconf 78' lang='grc' dir='ltr'><strong><em>καὶ</em></strong></span> <span class='ocrx_word' id='word_1_112' title='bbox 582 1376 641 1449; x_wconf 81' lang='grc' dir='ltr'><strong><em>χεὶρ</em></strong></span> <span class='ocrx_word' id='word_1_113' title='bbox 654 1365 686 1444; x_wconf 73' lang='grc' dir='ltr'><strong><em>ἦν</em></strong></span> <span class='ocrx_word' id='word_1_114' title='bbox 704 1372 754 1447; x_wconf 82' lang='grc' dir='ltr'><strong><em>ἤδη</em></strong></span> <span class='ocrx_word' id='word_1_115' title='bbox 769 1377 830 1453; x_wconf 80' lang='grc' dir='ltr'><strong><em>περὶ</em></strong></span> <span class='ocrx_word' id='word_1_116' title='bbox 840 1373 895 1433; x_wconf 84' lang='grc' dir='ltr'><strong><em>αύ-</em></strong></span> 
     </span>
     <span class='ocr_line' id='line_1_17' title="bbox 147 1459 895 1538; baseline 0.004 -22"><span class='ocrx_word' id='word_1_117' title='bbox 147 1466 193 1518; x_wconf 89' lang='grc' dir='ltr'><strong><em>τὸν</em></strong></span> <span class='ocrx_word' id='word_1_118' title='bbox 205 1464 328 1538; x_wconf 81' lang='grc' dir='ltr'><strong><em>καρτερά.</em></strong></span> <span class='ocrx_word' id='word_1_119' title='bbox 355 1462 473 1526; x_wconf 84' lang='grc' dir='ltr'><strong><em>δόξαντες</em></strong></span> <span class='ocrx_word' id='word_1_120' title='bbox 485 1461 514 1517; x_wconf 83' lang='grc' dir='ltr'><strong><em>δὲ</em></strong></span> <span class='ocrx_word' id='word_1_121' title='bbox 527 1459 555 1517; x_wconf 79' lang='grc' dir='ltr'><strong><em>οἱ</em></strong></span> <span class='ocrx_word' id='word_1_122' title='bbox 567 1462 666 1533; x_wconf 86' lang='grc' dir='ltr'><strong><em>Γάβιοι</em></strong></span> <span class='ocrx_word' id='word_1_123' title='bbox 690 1463 757 1535; x_wconf 81' lang='grc' dir='ltr'><strong><em>μέγα</em></strong></span> <span class='ocrx_word' id='word_1_124' title='bbox 776 1482 895 1538; x_wconf 88' lang='grc' dir='ltr'><strong><em>προσγι-</em></strong></span> 
     </span>
     <span class='ocr_line' id='line_1_18' title="bbox 147 1539 895 1618; baseline 0 -16"><span class='ocrx_word' id='word_1_125' title='bbox 147 1549 244 1603; x_wconf 78' lang='grc' dir='ltr'><strong><em>νάσθαι</em></strong></span> <span class='ocrx_word' id='word_1_126' title='bbox 257 1548 334 1617; x_wconf 79' lang='grc' dir='ltr'><strong><em>σφίσι</em></strong></span> <span class='ocrx_word' id='word_1_127' title='bbox 346 1547 533 1618; x_wconf 80' lang='grc' dir='ltr'><strong><em>πλεονέκτημα,</em></strong></span> <span class='ocrx_word' id='word_1_128' title='bbox 546 1546 648 1599; x_wconf 85' lang='grc' dir='ltr'><strong><em>πολλῶν</em></strong></span> <span class='ocrx_word' id='word_1_129' title='bbox 660 1542 693 1609; x_wconf 86' lang='grc' dir='ltr'><strong><em>ὡς</em></strong></span> <span class='ocrx_word' id='word_1_130' title='bbox 709 1539 808 1612; x_wconf 81' lang='grc' dir='ltr'><strong><em>αύτούς</em></strong></span> <span class='ocrx_word' id='word_1_131' title='bbox 826 1544 895 1616; x_wconf 83' lang='grc' dir='ltr'><strong><em>άφι·</em></strong></span> 
     </span>
     <span class='ocr_line' id='line_1_19' title="bbox 143 1625 897 1706; baseline -0.003 -20"><span class='ocrx_word' id='word_1_132' title='bbox 143 1631 269 1703; x_wconf 82' lang='grc' dir='ltr'><strong><em>κομόνων,</em></strong></span> <span class='ocrx_word' id='word_1_133' title='bbox 283 1628 329 1684; x_wconf 83' lang='grc' dir='ltr'><strong><em>καὶ</em></strong></span> <span class='ocrx_word' id='word_1_134' title='bbox 341 1625 374 1685; x_wconf 85' lang='grc' dir='ltr'><strong><em>ού</em></strong></span> <span class='ocrx_word' id='word_1_135' title='bbox 385 1630 429 1685; x_wconf 86' lang='grc' dir='ltr'><strong><em>διά</em></strong></span> <span class='ocrx_word' id='word_1_136' title='bbox 441 1630 545 1702; x_wconf 79' lang='grc' dir='ltr'><strong><em>μακροῦ</em></strong></span> <span class='ocrx_word' id='word_1_137' title='bbox 558 1630 606 1698; x_wconf 75' lang='grc' dir='ltr'><strong><em>τὴν</em></strong></span> <span class='ocrx_word' id='word_1_138' title='bbox 620 1625 722 1700; x_wconf 82' lang='grc' dir='ltr'><strong><em>Ῥώμην</em></strong></span> <span class='ocrx_word' id='word_1_139' title='bbox 741 1627 897 1706; x_wconf 78' lang='grc' dir='ltr'><strong><em>ὑποχείριον</em></strong></span> 
     </span>
     <span class='ocr_line' id='line_1_20' title="bbox 147 1709 894 1786; baseline 0.001 -18"><span class='ocrx_word' id='word_1_140' title='bbox 147 1712 209 1776; x_wconf 75' lang='grc' dir='ltr'><strong><em>ἕξειν</em></strong></span> <span class='ocrx_word' id='word_1_141' title='bbox 221 1713 378 1778; x_wconf 73' lang='grc' dir='ltr'><strong><em>ἐλπίσαντες,</em></strong></span> <span class='ocrx_word' id='word_1_142' title='bbox 394 1713 438 1768; x_wconf 75' lang='grc' dir='ltr'><strong><em>καὶ</em></strong></span> <span class='ocrx_word' id='word_1_143' title='bbox 459 1712 496 1769; x_wconf 76' lang='grc' dir='ltr'><strong><em>ἔτι</em></strong></span> <span class='ocrx_word' id='word_1_144' title='bbox 507 1712 609 1784; x_wconf 78' lang='grc' dir='ltr'><strong><em>μᾶλλον</em></strong></span> <span class='ocrx_word' id='word_1_145' title='bbox 628 1714 834 1782; x_wconf 77' lang='grc' dir='ltr'><strong><em>ἐξαπατηθέντες</em></strong></span> <span class='ocrx_word' id='word_1_146' title='bbox 847 1709 894 1786; x_wconf 79' lang='grc' dir='ltr'><strong><em>ὑφ’</em></strong></span> 
     </span>
     <span class='ocr_line' id='line_1_21' title="bbox 146 1784 896 1871; baseline 0.004 -19"><span class='ocrx_word' id='word_1_147' title='bbox 146 1784 182 1852; x_wconf 79' lang='grc' dir='ltr'><strong><em>ὧν</em></strong></span> <span class='ocrx_word' id='word_1_148' title='bbox 195 1796 321 1871; x_wconf 70' lang='grc' dir='ltr'><strong><em>ἔπραττεν</em></strong></span> <span class='ocrx_word' id='word_1_149' title='bbox 334 1796 350 1851; x_wconf 85' lang='grc' dir='ltr'><strong><em>δ</em></strong></span> <span class='ocrx_word' id='word_1_150' title='bbox 364 1799 411 1851; x_wconf 85' lang='grc' dir='ltr'><strong><em>τού</em></strong></span> <span class='ocrx_word' id='word_1_151' title='bbox 437 1797 536 1870; x_wconf 90' lang='grc' dir='ltr'><strong><em>πατρός</em></strong></span> <span class='ocrx_word' id='word_1_152' title='bbox 549 1793 710 1865; x_wconf 85' lang='grc' dir='ltr'><strong><em>άποστάιης,</em></strong></span> <span class='ocrx_word' id='word_1_153' title='bbox 725 1799 837 1866; x_wconf 77' lang='grc' dir='ltr'><strong><em>συνεχῶς</em></strong></span> <span class='ocrx_word' id='word_1_154' title='bbox 850 1799 896 1855; x_wconf 73' lang='grc' dir='ltr'><strong><em>ἐπὶ</em></strong></span> 
     </span>
     <span class='ocr_line' id='line_1_22' title="bbox 148 1875 894 1955; baseline 0.003 -19"><span class='ocrx_word' id='word_1_155' title='bbox 148 1882 194 1949; x_wconf 85' lang='grc' dir='ltr'><strong><em>τήν</em></strong></span> <span class='ocrx_word' id='word_1_156' title='bbox 204 1880 293 1955; x_wconf 78' lang='grc' dir='ltr'><strong><em>χώραν</em></strong></span> <span class='ocrx_word' id='word_1_157' title='bbox 306 1875 387 1945; x_wconf 76' lang='grc' dir='ltr'><strong><em>ἐξιὼν,</em></strong></span> <span class='ocrx_word' id='word_1_158' title='bbox 408 1878 455 1935; x_wconf 83' lang='grc' dir='ltr'><strong><em>καὶ</em></strong></span> <span class='ocrx_word' id='word_1_159' title='bbox 471 1881 568 1943; x_wconf 80' lang='grc' dir='ltr'><strong><em>πολλάς</em></strong></span> <span class='ocrx_word' id='word_1_160' title='bbox 586 1881 808 1954; x_wconf 78' lang='grc' dir='ltr'><strong><em>περιβαλλόμενος</em></strong></span> <span class='ocrx_word' id='word_1_161' title='bbox 825 1877 894 1948; x_wconf 83' lang='grc' dir='ltr'><strong><em>ὢφε-</em></strong></span> 
     </span>
     <span class='ocr_line' id='line_1_23' title="bbox 147 1959 899 2038; baseline 0.004 -19"><span class='ocrx_word' id='word_1_162' title='bbox 147 1964 230 2025; x_wconf 81' lang='grc' dir='ltr'><strong><em>λιίας·</em></strong></span> <span class='ocrx_word' id='word_1_163' title='bbox 256 1962 436 2036; x_wconf 83' lang='grc' dir='ltr'><strong><em>παρεσκεύασε</em></strong></span> <span class='ocrx_word' id='word_1_164' title='bbox 459 1965 511 2038; x_wconf 86' lang='grc' dir='ltr'><strong><em>γάρ</em></strong></span> <span class='ocrx_word' id='word_1_165' title='bbox 526 1959 596 2037; x_wconf 76' lang='grc' dir='ltr'><strong><em>αύτῷ</em></strong></span> <span class='ocrx_word' id='word_1_166' title='bbox 615 1963 741 2035; x_wconf 77' lang='grc' dir='ltr'><strong><em>δποιτὴρ,</em></strong></span> <span class='ocrx_word' id='word_1_167' title='bbox 767 1963 899 2038; x_wconf 83' lang='grc' dir='ltr'><strong><em>προειδὼς</em></strong></span> 
     </span>
     <span class='ocr_line' id='line_1_24' title="bbox 147 2041 899 2121; baseline 0.005 -19"><span class='ocrx_word' id='word_1_168' title='bbox 147 2043 182 2111; x_wconf 77' lang='grc' dir='ltr'><strong><em>εἷς</em></strong></span> <span class='ocrx_word' id='word_1_169' title='bbox 195 2041 242 2111; x_wconf 84' lang='grc' dir='ltr'><strong><em>ούς</em></strong></span> <span class='ocrx_word' id='word_1_170' title='bbox 254 2047 383 2121; x_wconf 74' lang='grc' dir='ltr'><strong><em>παρέσται</em></strong></span> <span class='ocrx_word' id='word_1_171' title='bbox 395 2047 502 2112; x_wconf 89' lang='grc' dir='ltr'><strong><em>τόπους,</em></strong></span> <span class='ocrx_word' id='word_1_172' title='bbox 517 2048 565 2113; x_wconf 75' lang='grc' dir='ltr'><strong><em>τήν</em></strong></span> <span class='ocrx_word' id='word_1_173' title='bbox 577 2067 604 2102; x_wconf 84' lang='grc' dir='ltr'><strong><em>τε</em></strong></span> <span class='ocrx_word' id='word_1_174' title='bbox 616 2050 688 2102; x_wconf 85' lang='grc' dir='ltr'><strong><em>λείαν</em></strong></span> <span class='ocrx_word' id='word_1_175' title='bbox 705 2044 832 2116; x_wconf 78' lang='grc' dir='ltr'><strong><em>άφθονον</em></strong></span> <span class='ocrx_word' id='word_1_176' title='bbox 850 2051 899 2106; x_wconf 82' lang='grc' dir='ltr'><strong><em>καὶ</em></strong></span> 
     </span>
     <span class='ocr_line' id='line_1_25' title="bbox 147 2127 897 2212; baseline 0.005 -27"><span class='ocrx_word' id='word_1_177' title='bbox 147 2131 179 2186; x_wconf 87' lang='grc' dir='ltr'><strong><em>τά</em></strong></span> <span class='ocrx_word' id='word_1_178' title='bbox 191 2131 275 2203; x_wconf 83' lang='grc' dir='ltr'><strong><em>γωρλα</em></strong></span> <span class='ocrx_word' id='word_1_179' title='bbox 301 2128 451 2200; x_wconf 81' lang='grc' dir='ltr'><strong><em>άφύλακτα,</em></strong></span> <span class='ocrx_word' id='word_1_180' title='bbox 477 2128 521 2186; x_wconf 77' lang='grc' dir='ltr'><strong><em>καὶ</em></strong></span> <span class='ocrx_word' id='word_1_181' title='bbox 532 2131 595 2197; x_wconf 89' lang='grc' dir='ltr'><strong><em>τούς</em></strong></span> <span class='ocrx_word' id='word_1_182' title='bbox 608 2127 808 2205; x_wconf 80' lang='grc' dir='ltr'><strong><em>άπολουμὲνους</em></strong></span> <span class='ocrx_word' id='word_1_183' title='bbox 821 2128 897 2212; x_wconf 78' lang='grc' dir='ltr'><strong><em>[ὑπ’]</em></strong></span> 
     </span>
     <span class='ocr_line' id='line_1_26' title="bbox 147 2210 900 2288; baseline 0.004 -18"><span class='ocrx_word' id='word_1_184' title='bbox 147 2210 217 2287; x_wconf 79' lang='grc' dir='ltr'><strong><em>αύτῷ</em></strong></span> <span class='ocrx_word' id='word_1_185' title='bbox 230 2215 342 2283; x_wconf 78' lang='grc' dir='ltr'><strong><em>συνεχῶς</em></strong></span> <span class='ocrx_word' id='word_1_186' title='bbox 359 2213 480 2288; x_wconf 67' lang='grc' dir='ltr'><strong><em>ἔπεμπεν,</em></strong></span> <span class='ocrx_word' id='word_1_187' title='bbox 494 2215 675 2288; x_wconf 77' lang='grc' dir='ltr'><strong><em>ἐπιλεγόμενος</em></strong></span> <span class='ocrx_word' id='word_1_188' title='bbox 698 2219 794 2273; x_wconf 78' lang='grc' dir='ltr'><strong><em>ἐκτῶν</em></strong></span> <span class='ocrx_word' id='word_1_189' title='bbox 814 2221 900 2273; x_wconf 90' lang='grc' dir='ltr'><strong><em>πσλι-</em></strong></span> 
     </span>
     <span class='ocr_line' id='line_1_27' title="bbox 146 2291 899 2372; baseline 0.011 -20"><span class='ocrx_word' id='word_1_190' title='bbox 146 2300 196 2354; x_wconf 83' lang='grc' dir='ltr'><strong><em>τῶν</em></strong></span> <span class='ocrx_word' id='word_1_191' title='bbox 203 2291 282 2361; x_wconf 75' lang='grc' dir='ltr'><strong><em>ούςλν</em></strong></span> <span class='ocrx_word' id='word_1_192' title='bbox 295 2292 508 2372; x_wconf 81' lang='grc' dir='ltr'><strong><em>ύπαιμίαιςεῖγεν·</em></strong></span> <span class='ocrx_word' id='word_1_193' title='bbox 526 2301 554 2362; x_wconf 74' lang='grc' dir='ltr'><strong><em>ἐξ</em></strong></span> <span class='ocrx_word' id='word_1_194' title='bbox 564 2296 688 2355; x_wconf 79' lang='grc' dir='ltr'><strong><em>ἁπάντων</em></strong></span> <span class='ocrx_word' id='word_1_195' title='bbox 698 2300 726 2356; x_wconf 82' lang='grc' dir='ltr'><strong><em>δὲ</em></strong></span> <span class='ocrx_word' id='word_1_196' title='bbox 739 2301 840 2358; x_wconf 90' lang='grc' dir='ltr'><strong><em>τούτων</em></strong></span> <span class='ocrx_word' id='word_1_197' title='bbox 854 2299 899 2360; x_wconf 83' lang='grc' dir='ltr'><strong><em>δό·</em></strong></span> 
     </span>
     <span class='ocr_line' id='line_1_28' title="bbox 146 2375 900 2459; baseline 0.005 -23"><span class='ocrx_word' id='word_1_198' title='bbox 146 2388 233 2446; x_wconf 83' lang='grc' dir='ltr'><strong><em>ξαντες</em></strong></span> <span class='ocrx_word' id='word_1_199' title='bbox 239 2375 306 2437; x_wconf 76' lang='grc' dir='ltr'><strong><em>εἶναι</em></strong></span> <span class='ocrx_word' id='word_1_200' title='bbox 312 2384 390 2453; x_wconf 79' lang='grc' dir='ltr'><strong><em>φίλον</em></strong></span> <span class='ocrx_word' id='word_1_201' title='bbox 400 2384 495 2439; x_wconf 88' lang='grc' dir='ltr'><strong><em>πιστόν</em></strong></span> <span class='ocrx_word' id='word_1_202' title='bbox 508 2383 586 2455; x_wconf 77' lang='grc' dir='ltr'><strong><em>σφίσι</em></strong></span> <span class='ocrx_word' id='word_1_203' title='bbox 598 2378 745 2459; x_wconf 86' lang='grc' dir='ltr'><strong><em>τόνάνδρα,</em></strong></span> <span class='ocrx_word' id='word_1_204' title='bbox 752 2386 798 2442; x_wconf 82' lang='grc' dir='ltr'><strong><em>καὶ</em></strong></span> <span class='ocrx_word' id='word_1_205' title='bbox 812 2406 900 2458; x_wconf 87' lang='grc' dir='ltr'><strong><em>στρα-</em></strong></span> 
     </span>
     <span class='ocr_line' id='line_1_29' title="bbox 146 2462 899 2542; baseline 0.005 -23"><span class='ocrx_word' id='word_1_206' title='bbox 146 2466 260 2534; x_wconf 83' lang='grc' dir='ltr'><strong><em>τηλάτην</em></strong></span> <span class='ocrx_word' id='word_1_207' title='bbox 272 2462 390 2538; x_wconf 80' lang='grc' dir='ltr'><strong><em>άγαόόν,</em></strong></span> <span class='ocrx_word' id='word_1_208' title='bbox 405 2464 499 2523; x_wconf 77' lang='grc' dir='ltr'><strong><em>πολλοὶ</em></strong></span> <span class='ocrx_word' id='word_1_209' title='bbox 513 2465 540 2522; x_wconf 83' lang='grc' dir='ltr'><strong><em>δὲ</em></strong></span> <span class='ocrx_word' id='word_1_210' title='bbox 554 2466 598 2523; x_wconf 84' lang='grc' dir='ltr'><strong><em>καὶ</em></strong></span> <span class='ocrx_word' id='word_1_211' title='bbox 607 2468 727 2540; x_wconf 74' lang='grc' dir='ltr'><strong><em>χρήμασι</em></strong></span> <span class='ocrx_word' id='word_1_212' title='bbox 739 2467 899 2542; x_wconf 81' lang='grc' dir='ltr'><strong><em>δωροδοκη-</em></strong></span> 
     </span>
     <span class='ocr_line' id='line_1_30' title="bbox 145 2543 854 2628; baseline 0.007 -24"><span class='ocrx_word' id='word_1_213' title='bbox 145 2551 245 2614; x_wconf 72' lang='grc' dir='ltr'><strong><em>δάντις,</em></strong></span> <span class='ocrx_word' id='word_1_214' title='bbox 262 2547 306 2606; x_wconf 67' lang='lat' dir='ltr'><strong><em>cuz</em></strong></span> <span class='ocrx_word' id='word_1_215' title='bbox 318 2551 367 2621; x_wconf 74' lang='grc' dir='ltr'><strong><em>τηε</em></strong></span> <span class='ocrx_word' id='word_1_216' title='bbox 379 2543 565 2626; x_wconf 84' lang='grc' dir='ltr'><strong><em>αύτοκράτορα</em></strong></span> <span class='ocrx_word' id='word_1_217' title='bbox 579 2552 746 2628; x_wconf 83' lang='grc' dir='ltr'><strong><em>παράγουσιν</em></strong></span> <span class='ocrx_word' id='word_1_218' title='bbox 760 2547 854 2628; x_wconf 69' lang='grc' dir='ltr'><strong><em>άργλν,</em></strong></span> 
     </span>
    </p>
   </div>
   <div class='ocr_carea' id='block_1_3' title="bbox 0 0 950 2970">
    <p class='ocr_par' dir='ltr' id='par_1_3' title="bbox 0 0 950 2970">
     <span class='ocr_line' id='line_1_31' title="bbox 0 0 950 2970; baseline 0 0"><span class='ocrx_word' id='word_1_219' title='bbox 0 0 950 2970; x_wconf 95' lang='lat' dir='ltr'><strong><em> </em></strong></span> 
     </span>
    </p>
   </div>
  </div>
 </body>
</html>
