1890 2970
189 86 464 156 Δυτισιττετνιι
486 89 618 142 ιιουιυ.
636 91 699 141 τιν.
717 91 763 142 111.
797 96 843 152 321

86 197 161 254 πόλει
174 195 328 251 καταλιπὼν
341 191 485 270 άξιόγρειτν,
502 193 587 270 άπῆγε
601 197 649 266 την
669 195 783 268 όίναμιν
801 199 847 255 ἐπί

87 281 232 356 Σαβίνους.
261 275 324 337 ου’όὲ
337 281 390 355 γάρ
404 283 501 335 ἐκείνοι
514 280 646 354 όιέμειναν
661 285 687 337 ἐν
702 285 760 344 ταῖς
773 282 843 354 ὄμο-

76 367 200 441 “λογίαις,
221 359 425 434 άςέποιήσαντο
441 365 507 440 πρός
519 366 631 437 βασιλέα
649 364 759 432 Τύλλον,
788 362 843 423 ἄλλ’

86 451 246 523 ἐμβαλόντες
259 447 294 515 είς
307 451 356 518 τήν
364 446 501 522 Ῥωμαίων
514 453 573 525 γῆν,
587 447 686 525 ἐδῄουν
701 447 783 520 αὐτῆς
797 455 842 520 την

86 530 196 610 ὅμορον.
220 533 319 606 μαθὼν
333 530 357 590 δ’
370 534 385 590 ὅ
399 537 526 610 Μάρκιος
539 538 612 608 παρά
625 557 653 590 τε
666 538 843 593 κατασκόπων

86 620 132 675 καὶ
146 615 303 692 αὐτομόλων
317 621 363 676 τόν
376 621 472 692 καιρόν
485 620 726 697 τῆςέπιγειρὴσεως,
735 621 842 677 ἐσκεόιι·

85 706 188 778 σμένοιν
201 705 253 759 τῶν
261 705 386 779 Σαβίνων
395 704 439 760 καὶ
453 705 650 773 λεηλατούντων
665 703 841 780 τούςάγραίις,

85 785 166 854 αὐτός
190 789 240 863 μὲν
265 786 323 862 ἅμα
349 793 406 855 τοῖς
431 791 520 854 πεζοῖς
545 789 590 846 ἐπὶ
609 791 655 845 τόν
672 792 841 866 χάρακατῶν

85 874 219 945 πολεμίων
231 870 394 947 ἐφικόμενος
407 870 500 948 όλίγην
515 873 608 944 ἔχοντα
621 876 842 946 φυλακηνμιατα-

84 960 217 1034 λαμβάνει
230 959 261 1014 τό
274 958 360 1033 ἔρυμα
374 963 400 1023 ἐξ
411 959 528 1031 ἐφόόου·
569 959 721 1033 Ταρκύνιον
739 961 768 1015 όέ
781 963 843 1026 τούς

83 1043 185 1109 ίππους
199 1038 310 1116 άγοντα,
326 1042 370 1098 ἐπί
383 1043 445 1108 τούς
463 1047 491 1098 ἐν
510 1048 659 1117 προνομαῖς
684 1044 842 1121 ἐσκεδασμέ-

86 1149 148 1198 νους
160 1129 317 1203 ἐπείγεσθαι
331 1127 438 1184 τελείει.
467 1127 603 1201 μαθόντες
624 1130 653 1185 όὲ
673 1129 700 1186 αἱ
725 1133 844 1205 Σαβῖνοι

85 1215 135 1282 τὴν
160 1213 245 1270 ἵππον
272 1215 323 1268 τῶν
344 1209 481 1286 Ῥωμαίων
506 1212 550 1268 ἐπὶ
575 1215 645 1285 σφάς
667 1214 842 1282 ἐλαάνονσαν,

86 1296 196 1372 άφένττς
210 1300 258 1369 τὴν
267 1300 351 1380 λείαν,
364 1298 409 1354 καί
421 1298 467 1362 τάς
480 1293 561 1364 άλλας
574 1293 708 1370 ὠφελείας,
715 1295 781 1366 ὅσας
787 1301 844 1375 ἐφε-

86 1385 136 1459 ρόν
149 1404 177 1439 τε
190 1383 235 1439 καί
262 1381 345 1459 ἦγον,
369 1382 483 1456 ἔφευγον
504 1382 548 1438 ἐπί
565 1385 613 1439 τόν
629 1386 744 1460 χάρακα.
770 1383 803 1448 ὡς
816 1385 844 1440 όέ

86 1463 214 1543 κᾷαεῖνσν
224 1467 342 1541 ἔγνωσαν
356 1469 532 1541 κατεχόμενον
545 1466 599 1524 ὑπό
611 1471 662 1524 τῶν
675 1471 765 1537 πεζῶν,
776 1469 844 1526 άπο·

84 1554 194 1626 ροῦντες
206 1549 261 1627 ὅπῃ
275 1556 432 1627 τράποιντο,
461 1555 611 1610 συνέτεινον
632 1552 668 1617 είς
680 1549 748 1618 ὔλας
759 1575 786 1609 τε
798 1552 843 1609 καί

84 1634 144 1712 ὅρη.
170 1637 326 1710 όιωιτόμενοι
340 1637 367 1694 όέ
382 1637 434 1694 ὑπὸ
449 1639 499 1694 τῶν
513 1640 598 1712 ψιλῶν
610 1638 656 1694 καί
671 1641 722 1693 τῶν
733 1637 841 1706 ἱππέοιν,

82 1721 172 1797 ὄλίγοι
185 1723 233 1797 μίν
247 1743 314 1786 τινες
327 1722 481 1792 ἐσώθησαν,
493 1721 520 1778 οί
532 1723 640 1788 πλείους
654 1721 681 1778 όέ
694 1723 842 1798 όιεφθάρη·

85 1830 147 1866 σαν.
175 1807 222 1864 καί
246 1810 314 1882 μετά
339 1810 386 1876 την
400 1809 546 1882 συμφοράν
560 1807 658 1878 ταύτην
672 1810 841 1886 πρεσβευσά-

82 1914 161 1969 μενοι
176 1895 255 1949 πάλιν
266 1891 300 1957 είς
312 1889 422 1965 Ῥώμην,
450 1890 554 1967 εἰρήνης
579 1896 758 1969 τυγχάνουσιν
784 1894 842 1957 σίας

82 1977 240 2053 ἐβούλοντο.
254 1976 293 2034 ἔτι
306 1979 358 2053 γάρ
373 1977 388 2032 ό
402 1979 469 2051 πρός
483 1980 529 2043 τάς
540 1980 665 2035 Λατίνων
677 1982 765 2044 πόλεις
778 2000 841 2036 συν-

83 2061 199 2132 εστηιιάις
212 2065 268 2127 τοῖς
280 2055 420 2134 Ῥώμαίσις
433 2064 554 2134 πόλεμος,
583 2060 733 2138 ἀναγκαίας
758 2064 841 2120 ἐποίει
918 2114 922 2121 ,

83 2151 132 2211 τάς
145 2147 211 2221 πρός
225 2147 287 2210 τούς
301 2142 397 2211 ἄλλους
414 2147 529 2224 ἐχθροὺς
548 2143 649 2217 άνοχάς
668 2169 695 2204 τε
715 2147 761 2203 καί
781 2148 840 2202 όια-

84 2232 182 2296 λίισεις.

151 2312 228 2373 XLI.
258 2317 381 2392 Τετάρτῳ
396 2314 423 2371 όὲ
434 2316 550 2392 μάλιστα
563 2317 631 2389 μετά
645 2313 720 2372 τόνόε
734 2313 781 2369 τόν
793 2317 842 2369 πά-

85 2403 168 2475 λεμον
180 2399 309 2474 ἐνιαυτῷ,
337 2401 464 2476 Μάρκιος
476 2401 493 2458 ό
507 2403 558 2457 τῶν
567 2396 706 2472 Ῥωμαίων
717 2398 843 2473 βασιλεῦς

85 2490 136 2555 τὴν
148 2506 177 2541 τε
189 2487 327 2554 πολιτικὴν
335 2484 451 2559 δύναμιν
457 2480 539 2560 άγονν,
553 2484 600 2540 καὶ
611 2484 660 2554 την
672 2484 843 2558 συμμαχικὴν

83 2571 324 2646 μεταπεμψάμενος
333 2565 519 2639 ὅσηνέόόνατο
527 2563 662 2640 πλείστην,
672 2570 842 2644 ἐστράτευσεν

121 2657 235 2704 Βιοιιγσ.
248 2655 280 2701 Τ.
294 2654 315 2701 Ι.
650 2651 675 2701 Χ
