1890 2970
132 133 182 189 382
270 121 430 178 οιονκεσ
443 118 793 171 ιιεετσειικκεεεκειε

135 230 223 290 αὐτῶν
244 233 384 307 θρίαμβον
409 228 624 298 ἐπιφανέστατον
651 223 773 301 άγοιγὼν,
802 212 886 301 ᾧπεε

135 323 237 377 σθεῖσα
250 314 266 387 ή
280 316 364 389 Ιόοιιλή
376 314 424 383 τήν
436 309 561 367 κάθοδον
574 313 704 386 ἐπέτρεψε
717 315 774 380 τοῖς
788 313 895 386 φυγάσι,

136 404 182 460 καὶ
196 402 304 471 όδήμος
316 397 460 462 πιστεύσας
471 392 574 465 άπὲστη
588 397 641 451 τῶν
654 391 760 452 ὅπλων·
789 396 835 452 καὶ
852 392 895 453 αό-

135 490 184 543 τόν
197 480 330 558 ἔθορενή
348 484 423 547 πόλις
443 479 560 554 δημοσίᾳ
580 479 626 535 καί
643 482 773 556 καλλίστῃ
794 483 896 537 πάντων

136 571 290 644 ἀνθρώπων
303 567 347 624 καί
360 565 532 642 λαμπροτάτῃ
558 563 641 639 ταφή.
666 561 750 623 οὔσία
776 567 831 640 γάρ
853 560 896 620 σίν

136 644 169 724 ήν
184 654 218 726 τῷ
232 651 310 727 ἀνδρὶ
328 649 364 716 είς
384 652 614 724 μεγαλοπρέπειαν
627 651 771 720 ἐκκομιδῆς
789 650 838 706 καὶ
851 672 895 705 τα-

138 741 190 810 φῆς
204 735 365 812 οἷπσγρῶσα·
379 731 445 792 ίίστε
459 731 504 791 καὶ
517 736 572 797 τοῖς
583 735 737 809 ἐπιτρόποις
753 729 840 790 αὖτσῖι
853 737 896 790 τῶν

137 820 243 877 παίδων
256 821 459 893 βουλευομένοις
477 815 577 885 ἔδοξεν,
603 815 637 882 ὦς
655 817 702 874 ἕνα
724 819 777 873 τῶν
792 821 897 886 πολλῶν,

139 900 247 969 εὖτελῶς
260 905 400 978 ἐκκομίσαι
413 924 440 958 τε
459 901 504 958 καί
518 903 622 976 θάψαι.
645 897 681 958 οὗ
693 903 845 978 μέντοιγεδ
859 903 898 971 δή

139 1010 189 1062 μσς
202 991 297 1056 εἴασεν,
313 987 381 1044 άλλά
395 989 591 1060 συναγαγόντες
605 983 631 1039 σί
646 985 782 1062 δήμαρχοι
794 989 826 1043 τό
839 991 898 1057 πλήν

140 1078 194 1137 θσς
208 1072 243 1139 είς
255 1073 403 1142 ἐκκλησίαν,
431 1069 476 1126 καί
496 1072 583 1129 πολλά
610 1070 768 1137 διελθόντες
792 1073 900 1148 ε’γκίιμια

140 1161 191 1214 τῶν
206 1178 231 1212 τε
242 1158 310 1211 κατά
324 1157 441 1227 πόλεμον
454 1152 537 1228 ἔργον
550 1155 599 1210 τοῦ
614 1151 714 1230 ἀνδρὸς
727 1155 775 1213 καί
790 1159 841 1212 τῶν
854 1177 897 1212 πσ-

140 1241 259 1306 λιτικῶν,
274 1240 323 1309 τήν
336 1260 366 1295 τε
384 1237 562 1312 σισιμρσσίινην
578 1233 667 1295 αὐτοῦ
680 1240 728 1297 καὶ
741 1244 792 1310 τήν
805 1243 899 1309 λιτότη-

141 1345 175 1380 τει
199 1326 248 1379 τοῦ
273 1325 354 1397 βίου,
387 1324 504 1396 μάλιστα
531 1323 559 1382 δι’
582 1324 630 1391 τήν
656 1320 693 1387 είς
714 1328 901 1400 χρηματισμὸν

140 1410 296 1484 ἐγκράτειαν
322 1406 367 1463 ἐπὶ
389 1408 518 1482 μήκιστον
544 1401 657 1482 ήίρανττς
686 1413 747 1474 τοῖς
776 1411 901 1476 ἐπαίνοις,

142 1495 281 1563 αἴσχιστον
295 1491 399 1564 ίίφησαν
412 1485 481 1547 εἶναι
495 1491 545 1546 τῶν
559 1492 733 1566 πραγμάτων,
761 1490 850 1568 ἄνδρα
863 1515 903 1563 τη·

143 1579 268 1633 λικοῖιτον
282 1575 390 1650 άσήμου
403 1574 450 1632 καὶ
473 1579 597 1645 ταπεινῆς
609 1575 716 1646 κηδείας
744 1583 837 1649 τυχεῖν
861 1578 903 1633 διά

143 1662 251 1718 πενίαν·
265 1657 419 1736 παρῄνεσάν
442 1679 468 1715 τε
481 1660 516 1732 τῷ
529 1659 603 1734 δήμῳ
614 1661 663 1730 τήν
690 1660 818 1734 δαπάνην
835 1661 902 1719 άνα-

143 1745 285 1808 δέξασθαι.
301 1745 346 1801 καί
372 1747 538 1816 συνενεγκεῖν
582 1740 647 1804 καθ’
673 1740 741 1802 ὅσον
763 1744 800 1805 άν
826 1745 902 1803 αὐτοί

142 1832 245 1892 τάξωσι.
260 1833 314 1894 τοῖς
329 1825 358 1884 δ’
371 1827 521 1885 άκοόσασιν
535 1824 651 1903 άσμενον
662 1832 776 1905 ἐγένετο.
791 1831 839 1887 καὶ
853 1827 902 1887 αὗ-

141 1915 202 1969 τίκα
216 1916 344 1988 φέροντος
355 1914 470 1970 ἑκάστου
488 1915 518 1969 τὸ
539 1915 652 1983 ταχθὲν,
679 1914 750 1970 πελά
772 1936 799 1971 τι
814 1920 902 1991 χρῆμα

141 1999 272 2068 συνήχθη.
288 2000 420 2071 μαθοῦσα
434 1997 461 2053 δὲ
474 1992 489 2066 ή
503 1998 589 2066 δουλή
601 2001 683 2054 τοῦτο
689 2042 697 2066 ,
719 1998 753 2055 δι’
779 1996 902 2070 αίσγίινης

141 2083 172 2136 τό
185 2083 297 2158 πρᾶγμα
308 2081 394 2156 ἔλαβε,
414 2080 458 2137 καί
472 2081 554 2154 ἔκρινε
570 2083 608 2156 μή
629 2077 687 2138 κατ’
706 2078 796 2159 ἄνδρα
813 2088 902 2161 ἐρανι-

140 2165 198 2239 σμηῖ
212 2168 258 2222 τόν
271 2168 482 2238 ἐπιφανέστατον
501 2162 638 2240 Ῥωμαίων
653 2168 782 2242 περιϊδεῖν
795 2169 901 2224 θαπτό-

138 2270 231 2323 μενον,
242 2246 298 2325 ἄλλ’
312 2254 340 2306 ἐκ
353 2253 404 2305 τῶν
417 2248 550 2320 δημοσίαν
572 2250 713 2308 ἐδικαίωσε
724 2255 757 2308 τό
771 2249 899 2326 οἷνοίλινμα

137 2334 281 2407 γενέσθαι,
295 2338 351 2399 τοῖς
364 2334 473 2407 ταμίαις
486 2337 654 2409 ἐπιτρέψασα
673 2337 722 2406 τήν
741 2336 898 2410 ἐπιμέλειαν.

137 2415 166 2471 οἱ
180 2417 209 2473 δὲ
222 2420 326 2475 πολλῶν
337 2420 409 2475 πάνυ
422 2419 608 2491 μισθώσαντες
616 2422 760 2495 χρημάτων
771 2426 821 2488 τάς
834 2443 897 2497 παρ·

139 2503 208 2568 σχάς,
238 2505 371 2577 κόσμῳτε
395 2506 607 2579 πολυτελεστάτην
619 2506 804 2580 κοσμήσαντες
815 2502 896 2563 οὔτοί

136 2585 172 2637 τό,
181 2587 264 2655 σῶμα,
278 2588 325 2646 καὶ
338 2589 474 2646 πάντατά
499 2592 581 2648 λοιπά
606 2593 848 2669 ἐπιχορηγήσαντες
862 2587 896 2652 τίς
