1890 2970
146 107 182 164 78
267 101 427 153 DIONYSII
443 100 787 153 HALICARNASSENSIS

148 207 258 285 ήμέρπν,
270 207 423 275 πεισθέντες
442 207 470 265 σί
488 205 617 283 πρόεδροι
635 209 685 264 τῶν
708 211 833 265 Λατίνων
846 207 906 265 σίνε·

148 295 265 367 Ιθιίλοντο
277 293 327 362 τήν
339 293 449 366 βουλήν.

212 373 318 435 XLVI.
348 375 390 451 Τῇ
402 371 432 432 δ’
448 379 504 447 ἑξῆς
515 371 601 451 ήμέρρι
612 379 701 452 παρῆν
715 375 730 432 ό
747 375 904 452 Ταρκδνιος,

148 461 194 518 καί
208 462 388 528 συναχθέντος
400 461 449 515 τοῦ
462 463 611 533 συλλόγου,
636 461 721 537 μικροί
734 481 760 515 τε
774 460 841 536 ὑπὲρ
853 466 905 517 τοῦ

145 547 293 623 χρονισμοῦ
318 544 467 618 προειπὼν,
491 543 556 619 διεέρ
583 547 629 613 τής
653 540 796 617 ἡγεμονίας
820 543 906 610 εδθδς

147 634 264 687 ἐποιεῖτο
277 629 340 694 τούς
352 630 457 704 λόγους,
465 626 572 694 ῶςκατό
580 631 610 684 τό
625 627 729 685 δίκαιον
740 628 814 702 αὑτηί
820 650 905 703 προσ·

147 713 270 784 ηκοίισης,
285 712 374 780 ἐπειδή
391 713 539 789 Ταρκύνιος
552 707 636 784 οὗτήν
649 715 774 784 κατέαγεν
794 713 810 770 ό
830 715 905 770 πόπ-

146 819 198 862 πος
211 793 304 864 adress,
318 800 423 873 πολέμῳ
435 800 609 871 κτησόμενος,
636 797 683 852 καί
696 799 744 862 τός
763 799 905 868 συνθήκας

149 882 289 954 παρείχετο
314 882 362 946 τός
372 884 514 955 γενομένας
525 885 582 946 ταῖς
608 884 701 938 πόλεσι
714 883 781 956 πρός
792 885 904 940 ἐκεῖνον.

149 964 235 1022 πολδν
251 964 277 1019 δέ
291 966 370 1038 λόγον
382 965 447 1040 ὑπὲρ
460 967 509 1022 τοῦ
524 966 631 1022 δικαίου
650 966 696 1023 καί
707 969 760 1023 τῶν
772 965 906 1041 όμολογι-

149 1050 186 1104 ῶν
200 1047 348 1116 διεξελθὼν,
367 1050 413 1106 καί
425 1052 527 1123 μεγάλοι
552 1052 598 1113 τός
611 1052 698 1117 πόλεις
723 1047 906 1125 εὐεργετήσειν

149 1130 339 1207 ὕποογόμενος,
352 1136 398 1189 όοίν
411 1138 439 1190 έν
452 1135 486 1208 τῇ
498 1134 576 1208 φιλίρι
591 1134 757 1206 διαμείνωσι,
779 1137 907 1192 τελευτῶν

150 1215 257 1273 ἔπειθεν
270 1213 368 1282 αδτοδς
379 1217 460 1274 έπίτδ
475 1219 599 1290 Σαβίνων
611 1218 694 1284 ἔθνος
706 1218 905 1294 συσκρατεδειν.

149 1299 182 1366 ῶς
195 1297 224 1357 δ’
238 1302 373 1360 ἐπαίσατο
387 1305 477 1376 λέγων,
489 1303 632 1377 παρελθὼν
651 1303 667 1360 ό
684 1303 782 1372 Τύρνος
797 1303 843 1359 καί
855 1305 908 1360 τόν

149 1382 269 1459 διμισμόν
287 1381 374 1442 αὐτοῦ
394 1386 535 1458 διαβαλῶν,
549 1383 598 1440 οδκ
623 1388 664 1443 σία
677 1391 738 1451 τοὺς
759 1387 907 1459 συνέδρους

148 1474 314 1545 παραχωρεῖν
340 1469 376 1543 τῷ
390 1467 468 1542 ῶνδρί
480 1473 526 1539 τῆς
547 1468 635 1545 ῶρλῆς,
662 1470 694 1535 ὧς
708 1467 769 1528 οὔτε
782 1476 851 1527 κατοί
872 1475 905 1527 τό

149 1554 253 1611 δίκαιον
266 1551 337 1627 αδιῷ
350 1553 542 1627 προσηκούσης,
571 1549 626 1610 οὔτ’
641 1555 685 1611 ἐπὶ
697 1555 733 1630 τῷ
752 1560 901 1630 συμφέρον.

147 1660 174 1694 τι
188 1641 238 1695 τῶν
251 1637 376 1696 Λατίνων
403 1636 600 1710 δοθησομένης·
626 1639 671 1697 καὶ
697 1641 810 1706 πολλοῦς
837 1640 905 1717 ὑπὲρ

148 1719 306 1796 ιίμφοιέρων
332 1720 452 1789 διεξῆλθε
477 1724 585 1796 λόγους·
612 1725 659 1788 τός
683 1725 733 1797 μέν
753 1725 904 1793 συνθήκας,

147 1801 179 1869 δίς
192 1807 354 1873 ἐποιήσαντο
367 1806 432 1878 πρός
446 1808 491 1862 τόν
504 1807 615 1863 πάππον
629 1803 723 1876 αδτοΰ,
738 1808 905 1884 παραδιδόν-

148 1909 189 1951 τες
200 1889 248 1957 τήν
259 1883 409 1962 ἡγεμονίαν,
424 1891 554 1946 λελίισθαι
572 1891 653 1966 λέγων
664 1894 731 1966 μιτό
744 1897 791 1951 τόν
800 1894 907 1950 ἐκείνου

147 1973 281 2037 θάνατον,
296 1971 341 2027 διό
356 1975 385 2028 τό
398 1975 436 2043 μή
454 1977 684 2050 προσγεγράφθαι
703 1981 762 2042 ταῖς
775 1977 907 2050 ὁμολογί-

148 2075 198 2121 αις,
214 2056 263 2124 τήν
283 2050 368 2125 αδτήν
382 2053 449 2114 εἶναι
475 2058 575 2134 δωρεάν
600 2059 647 2117 καί
670 2063 728 2127 τοῖς
750 2062 908 2136 Ταρκυνίου

146 2140 282 2214 ἐγγόνοις·
307 2141 354 2197 τόν
367 2141 395 2196 δέ
408 2139 534 2207 ῶξιοδντα
548 2145 598 2198 τῶν
610 2146 659 2200 τοῦ
671 2147 787 2202 πάππου
800 2145 908 2220 δωρεῶν

147 2227 328 2302 κληρονομιῖν,
350 2222 476 2282 ἁπάντων
495 2223 647 2300 ἀνθρώπων
672 2230 907 2304 παρανομώτατον
944 2289 945 2302 ρ

146 2307 306 2381 οἷποφαίυων
318 2307 366 2366 καί
377 2312 577 2383 πονηρότατον·
605 2313 650 2370 καί
670 2315 716 2377 τός
730 2316 835 2389 προέξεις
848 2312 905 2372 αδ-

144 2393 194 2448 τοῶ
208 2393 314 2460 διεξιὼν,
330 2388 361 2459 ἃς
374 2395 418 2451 έπί
429 2394 465 2468 τῷ
482 2400 621 2466 κατασχεῖν
642 2397 689 2466 τήν
700 2393 837 2472 Ῥωμαίων
851 2398 903 2475 ἅρ-

142 2481 192 2545 γήν
206 2473 389 2536 ιίπετελέσατο.
417 2477 556 2543 διεξελθὼν
572 2481 600 2536 δεΙ
619 2483 718 2545 πολλός
744 2481 790 2538 καί
814 2483 904 2550 δεινός

138 2553 231 2618 αδτοῶ
243 2563 413 2646 κατηγορίας,
433 2565 557 2622 τελευτῶν
576 2564 715 2624 ἐδίδασκεν
728 2564 762 2632 ῶς
777 2563 840 2624 οδδὲ
854 2571 901 2639 τήν
924 2534 932 2623 ‚¹
