1890 2970
144 106 420 174 Αυτισυιτετντσ
434 108 569 162 nom.
589 111 653 162 Lm.
665 112 697 163 v.
757 118 808 172 203

49 214 113 294 περί
126 216 216 290 φιλίας
229 235 255 270 τε
268 211 314 270 καί
327 216 485 287 συμμαχίας,
507 212 582 285 ἠξίου
595 217 642 279 τίς
658 217 746 282 πόλεις
757 220 807 292 έμ-

49 301 227 364 πεδοῖιντοδς
252 294 357 372 ὅρκους,
386 298 510 372 κατάγειν
523 295 550 356 δ’
579 295 666 356 αδτόν
690 299 734 355 en>
759 303 807 370 τὴν

49 387 149 462 οίρχὴν·
162 383 360 458 Καμαριναίων
372 403 399 438 τε
412 381 457 438 καί
474 384 627 453 Φιδηναίων
640 384 764 458 φυγάδες,
780 383 807 439 οἱ

48 473 99 546 μέν
112 470 160 539 τὴν
173 464 271 525 ἅλωσιν
287 466 331 523 καί
344 467 391 537 τήν
403 471 492 543 φυγήν
517 470 563 539 τῆς
576 468 712 543 πατρίδος,
740 466 766 523 οἱ
779 467 807 523 δὲ

36 547 100 613 τὸν
114 550 332 628 ἀνδραποδισμὸν
347 550 393 607 καί
412 553 460 621 τήν
477 554 653 624 κατασκαφὴν
680 549 809 626 όδυρόμε·

49 661 104 706 νοι,
123 637 290 714 παρεκάλουν
305 631 403 699 αότοδς
416 634 505 701 εῗςτόν
520 638 644 710 πόλεμον.
659 640 807 698 τελευταῖος

50 725 81 780 δέ
95 719 230 778 τιιίντωνό
249 720 400 793 Ταρκυνίου
417 719 543 790 κηδεστὴς
561 721 708 793 Μαμίλιος,
734 723 806 794 μέγι-

49 828 117 866 στον
129 809 157 862 έν
168 807 225 868 τοίς
237 805 296 859 τότε
305 805 411 879 χρόνοις
423 806 498 880 πυροί
516 797 572 869 τοίς
583 807 712 870 Λατίνοις
725 804 806 860 δυνό-

48 911 137 967 μενος,
153 886 278 955 οίναστοίς,
291 890 397 963 μακρόν
424 891 492 945 κατοί
506 893 551 960 τῆς
563 891 661 953 πόλεως
686 888 806 958 διεξῆλθε

50 974 227 1049 δημηγορίαν.
254 969 476 1048 ἀπολογουμένου
503 972 531 1028 δέ
544 974 610 1050 πρός
636 968 805 1030 όπαντατοό

52 1057 210 1134 Οὐαλερίου,
237 1057 284 1113 καί
307 1056 451 1121 δοκοῦντος
472 1060 602 1132 περιεῖναι
615 1060 673 1123 τοῖς
685 1057 806 1123 δικαίοις,

47 1146 150 1215 ἐκείνην
162 1143 211 1216 μέν
223 1141 272 1211 τὴν
281 1137 381 1214 ἡμέραν
392 1139 428 1206 είς
439 1143 472 1197 τοί
480 1141 687 1216 κατηγορήματα
700 1141 746 1196 καί
760 1144 808 1204 τός

47 1227 198 1302 σίπολογίας
211 1221 399 1292 σίναλώσαντες,
425 1221 503 1282 οόδέν
527 1227 664 1295 ἐπέθηκαν
675 1224 709 1300 τῇ
721 1225 808 1299 βουλῇ

47 1313 130 1376 τέλος.
156 1309 189 1383 τῇ
213 1308 241 1363 δέ
254 1309 369 1364 κατόπιν
382 1305 470 1365 οόκέτι
495 1311 557 1373 τοὺς
581 1311 744 1384 πρεσβευτάς
756 1312 806 1365 τῶν

49 1397 183 1469 Ρωμαίων
197 1391 224 1448 οἱ
237 1391 363 1467 πρόεδροι
385 1395 584 1470 προαγαγόντες
597 1393 641 1449 ἐπὶ
653 1395 700 1447 τόν
713 1394 807 1449 σίλλο-

48 1499 107 1558 γον,
122 1477 188 1533 σίλλοί
206 1475 346 1552 Ταρκυνίῳ
371 1497 398 1532 τε
409 1477 455 1533 καί
466 1480 595 1551 Μαμιλίῳ
608 1476 653 1533 καί
665 1470 807 1550 Ἀρικηνοῖς

48 1561 97 1621 καί
110 1565 166 1625 τοῖς
180 1557 270 1625 ἅλλοις
283 1561 456 1633 βουλομένοις
468 1563 515 1631 τῆς
527 1564 624 1626 πόλεως
649 1564 807 1634 κατηγορεῖν

49 1647 198 1710 ἀποδόντες
223 1645 271 1700 τόν
292 1645 380 1716 λόγον,
404 1643 491 1715 ἐπειδὴ
517 1647 625 1700 πάντων
651 1645 806 1711 διήκουσαν,

49 1734 214 1803 ψηφίζονται
227 1727 359 1784 λελίισθαι
384 1731 431 1793 τσίς
444 1728 561 1794 σπονδάς
585 1727 638 1784 ὑπό
660 1727 806 1800 Ῥωμαίων,

48 1815 98 1872 καί
112 1818 166 1878 τοῖς
181 1811 242 1886 περί
250 1808 397 1884 Οὐαλέριον
408 1814 549 1884 πρέσβεσιν
575 1809 717 1886 απόκρισιν
743 1811 806 1868 ἔδω-

48 1920 111 1967 καν,
126 1896 211 1954 ὅτιτὸ
226 1897 459 1971 συγγενέςέκιίνων
471 1900 528 1961 τοῖς
541 1894 685 1970 σίδικημασι
699 1898 803 1952 λελυκό·

49 2003 110 2049 των,
125 1981 317 2054 βουλεύσονται
330 1981 399 2035 κατοί
418 1981 515 2050 σχολήν
533 1976 625 2036 ὅντινα
638 1982 738 2056 τρόπον
750 1976 804 2036 αὐ-

49 2068 114 2132 τοὺς
126 2064 279 2137 όμίνεσθαι
290 2065 348 2140 χρὴ.
370 2051 431 2137 ίνῷ
447 2063 474 2118 δέ
487 2060 560 2118 ταῦτ’
588 2063 728 2139 ἐπράττετο
738 2067 804 2135 χρό-

49 2172 94 2225 νῳ,
110 2146 267 2220 συνωμοσία
290 2151 358 2204 κατιί
377 2151 423 2218 τῆς
444 2149 543 2210 πόλεως
566 2149 677 2222 ἐγένετο,
703 2148 805 2203 δοίλων

48 2235 154 2303 συχνῶν
166 2234 364 2302 συνειπαμένων
389 2233 436 2298 τός
449 2226 471 2286 τ’
496 2226 579 2306 όίκρας
592 2230 803 2302 καταλαβέσθαι,

49 2317 96 2375 καί
109 2318 178 2374 κατιί
191 2315 304 2380 πολλοὺς
329 2318 430 2379 τόπους
442 2318 576 2389 ε’μντρῆσαι
595 2317 642 2385 τὴν
656 2316 741 2370 πόλιν.
753 2336 804 2386 μη·

50 2402 148 2467 νόσεως
165 2402 193 2457 δέ
205 2402 346 2475 γενομένης
359 2397 412 2455 ὗνιό
425 2402 476 2455 τῶν
488 2398 654 2466 συνειδότων,
680 2396 709 2454 σί
723 2397 804 2452 πύλαι

50 2481 74 2542 τ’
89 2482 173 2551 εὖθός
186 2485 238 2542 ῧπό
252 2486 303 2538 τῶν
322 2482 429 2556 ὕποίτων
447 2485 583 2548 ἐκλείοντο,
612 2483 656 2540 καί
669 2483 758 2538 ποίντα
771 2486 803 2539 ια’

51 2569 171 2646 λρέιματα
184 2572 229 2641 τῆς
243 2570 341 2632 πόλεως
365 2566 419 2625 δτιό
430 2570 483 2625 τῶν
507 2567 607 2625 ίπιιέων
631 2567 802 2638 κατείληπτο6
