1890 2970
92 97 144 152 322
211 88 371 152 Ιοιοτωειι
387 88 735 151 ακττοιεειιεειταειε

92 196 136 254 ἐπὶ
154 192 335 262 Οάἵεντονοίις,
345 196 497 267 καὶπολλήν
512 200 556 265 τῆς
566 196 655 270 χώρας
668 191 755 252 αάτιῖιν
767 190 847 269 ἐόῄω·

93 304 145 339 σεν.
170 278 299 338 ἐκεῖνοτιῖ
313 275 426 357 ἤρξαντο
446 281 560 354 ε’νιαστηῖ
583 283 714 355 πρότερον
739 278 775 343 εἷς
801 282 847 347 την

88 364 225 439 Ῥωμαίων
237 371 288 443 γῆν
302 368 469 441 ἐμβαλόντες,
484 367 528 422 κοιλ
543 369 642 429 πολλοῖς
655 365 779 439 ἁρπαγάς
784 387 848 436 γρη.

91 454 189 525 μάτων,
213 453 297 509 πολὺν
325 450 352 505 όί
380 451 497 527 ὄλεθρον
510 450 665 524 ἀνθρώπων
681 451 848 522 ποιήσαντες,

91 539 215 613 στρατιάς
229 537 257 592 όὲ
271 538 367 605 πολλῆς
381 540 454 611 παρά
468 538 518 592 τοῖν
537 532 703 592 Οιῖίεντανοῖν
723 533 849 598 ἐξελθοό.

91 644 147 693 σης,
176 621 221 678 καί
234 623 319 697 πίραν
333 625 382 677 τοῦ
401 624 522 695 Τιβέριος
535 623 660 691 ποταμοῦ
676 625 742 696 πρός
753 619 786 694 τῇ
802 629 848 675 Φι-

92 708 207 777 δηναίων
220 709 295 763 πόλει
305 708 412 781 χάρακα
425 708 547 780 θεμένης,
563 702 708 774 ἀναλαβὼν
720 706 768 773 την
795 703 845 758 M«

92 813 172 863 ναμιν
184 791 217 856 ὡς
228 787 279 862 εἶχε
292 791 418 859 τάχονςό
437 792 577 864 Μάρκιος,
604 789 710 864 πρῶτον
735 790 784 861 μὲν
805 793 846 853 τοῖς

90 878 133 932 ἐπὶ
146 878 193 944 την
200 877 292 950 χώραν
302 877 409 939 ἐξόδους
423 872 510 931 οὔτῶν
535 872 687 932 ἀπέκλεισεν
715 873 846 948 ἱπποκρα-

92 965 150 1026 τῶν,
166 957 242 1017 ἔπειτ’
257 959 293 1026 εἷς
307 963 455 1035 παράταξιν
468 963 559 1015 ε’λθεῖν
574 956 673 1024 αὐτοὺς
695 958 845 1032 ἀναγκάσας

91 1047 200 1114 ἐνίκησε,
215 1047 260 1102 καὶ
273 1048 321 1101 τοῦ
333 1047 450 1118 χάρακος
464 1041 550 1100 αὐτῶν
563 1047 698 1122 ἐκράτησε.
712 1044 846 1118 χωρήσαν·

92 1152 135 1193 τος
146 1131 174 1185 όὲ
188 1127 318 1203 αὐτῷκαὶ
332 1130 431 1186 τούτου
444 1132 513 1185 κατά
525 1130 632 1204 γνώμην
651 1132 700 1186 τοῦ
719 1131 847 1199 πολέμου,

92 1216 139 1284 τήν
153 1218 283 1270 ἐπινίκιον
296 1218 407 1289 πομπὴν
422 1214 467 1271 καί
491 1217 537 1271 τόν
561 1213 678 1271 εἰωθότα
707 1214 848 1288 θρίαμβον

91 1302 146 1363 τοῖς
172 1304 249 1363 θεοῖς
275 1301 423 1375 κατήγαγεν
449 1297 485 1365 εἷς
509 1302 558 1367 τὴν
585 1301 664 1355 πόλιν
679 1296 846 1370 ἀφικόμενος.

91 1383 201 1460 δευτέρῳ
222 1382 244 1438 τῖ’
265 1382 377 1461 ὕστερον
390 1385 440 1440 ἔτει
454 1387 534 1440 πάλιν
548 1388 599 1439 τῶν
617 1380 781 1440 Οὗῖεντανσῖν
795 1404 846 1437 κα-

91 1470 261 1527 ταλυσάντων
275 1465 306 1534 οῖς
321 1470 483 1540 ἐποιήσαντο
498 1473 565 1543 πρὸς
577 1465 661 1525 αὐτόν
675 1466 780 1538 ἀνοχάς,
801 1467 846 1522 καί

92 1555 137 1619 τάς
150 1549 232 1620 ἀλλοις
244 1553 389 1621 ἀξιούντων
403 1554 553 1627 ἀπολαβεῖν
566 1556 661 1621 πόλεις,
679 1540 714 1607 ὧν
728 1550 845 1609 ἑτιίῬω·

89 1641 176 1712 μόλον
188 1644 318 1715 βασιλέως
332 1636 397 1696 καθ’
412 1641 557 1715 ὁμολογίας
567 1637 730 1708 ἀπέστησαν,
753 1640 845 1712 ἑτέραν

90 1729 197 1782 τίθεται
212 1728 278 1801 πρός
291 1722 389 1789 αὐτοὺς
401 1728 489 1796 μάχην
503 1728 569 1800 πρὸς
582 1719 754 1789 ταῖςἌλλαις,
782 1724 845 1794 μεί-

90 1813 153 1875 ζονα
167 1812 212 1879 τῆς
226 1813 364 1882 προτέρας,
392 1805 424 1877 ἣν
450 1806 564 1873 εάιτετιῖς
585 1812 702 1878 ἐνίκησε·
728 1807 775 1862 καὶ
799 1809 845 1871 τοῖς

91 1890 171 1957 ἀλλος
187 1896 274 1958 πόλεις
286 1899 313 1958 ἐξ
324 1895 427 1949 ἐκείνου
438 1899 557 1964 κατεῖχεν
571 1893 768 1966 ἀναμφιλόγως.
810 1895 844 1947 τά

90 1978 118 2032 όὲ
132 1976 252 2053 ἀριστεῖα
265 1982 293 2034 ε’κ
307 1978 405 2048 ταύτης
419 1976 497 2051 ἔλαβε
512 1983 556 2050 τῆς
568 1981 653 2051 μάχης
664 1975 845 2034 ότιῖινὶπιτὲων

88 2059 191 2137 ἡγεμὼν
208 2063 364 2138 Ταρκύνιος,
386 2063 432 2118 καί
454 2059 538 2118 αάτόν
564 2064 580 2119 ό
607 2063 734 2138 Μάρκιος
758 2058 846 2134 ἀνόροι

88 2149 193 2204 πάντων
207 2151 348 2224 κράτιστον
362 2145 542 2222 ἡγησάμενος,
563 2149 603 2204 ’τά
629 2167 655 2201 τε
669 2143 736 2202 ἀλλα
748 2144 844 2217 σεμνό-

87 2254 138 2288 νων
152 2234 264 2301 ὄιετὲλετ,
283 2234 328 2290 καί
343 2232 378 2298 τίς
391 2234 438 2288 τόν
451 2235 502 2288 τοῖν
515 2235 660 2307 πατρικίων
674 2253 701 2287 τε
716 2231 759 2287 καί
772 2231 844 2303 βου-

86 2322 182 2374 λευτῶν
196 2318 317 2393 ἀριθμόν
331 2313 494 2392 ἀπέγραψεν.
521 2321 622 2392 ἐγένετο
649 2316 677 2371 όὲ
704 2315 749 2371 καί
776 2315 845 2389 πρός

83 2405 114 2457 τό
128 2406 179 2458 τῶν
196 2400 372 2461 Οόολοόσκων
386 2401 467 2466 ἔθνος
480 2401 515 2477 τῷ
528 2404 645 2478 Μαρκίῳ
659 2403 780 2471 πόλεμος,
795 2402 839 2473 λη·

84 2489 197 2564 οτηρίων
209 2484 339 2563 κάκεῖθεν
351 2489 471 2553 ἐξιόντων
485 2487 529 2544 ε’πί
547 2489 609 2551 τούς
630 2490 680 2542 τῶν
702 2481 843 2558 Ῥωμαίων

83 2568 196 2644 ἀγρούς·
224 2574 269 2628 καὶ
283 2571 447 2648 στρατεύσας
460 2569 497 2629 ἐπ’
514 2568 614 2636 αὖτοὺς
629 2573 732 2645 μεγάλη
759 2566 840 2646 ἀλκῇ,
