1890 2970
87 113 139 175 104
198 106 357 169 οιοατεεε
378 104 728 169 ειετιοααωιεεταετε

87 220 137 288 τήν
150 215 291 289 βασιλείαν
316 215 455 287 κατασχὼν
484 215 622 292 Νομίτωρε
649 213 852 290 προσήκουσαν,

89 300 118 369 δς
131 290 165 372 ἦν
178 296 252 375 αδτῷ
264 299 445 377 πρεσβίτερος
458 297 581 371 οίδελφδς,
601 299 651 358 δίο
666 299 713 358 καί
725 301 852 376 τετταρυί-

88 407 170 447 κοντα
188 385 232 457 ἔτη
254 385 418 443 δυναστεία.
452 381 591 460 Ἀμουλίου
613 386 641 441 δι’
662 382 853 488 ἀναιρεθέντος

89 474 142 532 δπί
153 468 291 546 Ῥωμύλου
305 472 350 529 καί
359 468 474 544 Ῥώμου,
501 471 593 526 τῶνέκ
619 473 666 541 τῆς
692 492 762 546 τερος
772 472 853 546 κόρης

87 559 242 636 γενομένων,
260 555 293 621 ῶς
307 552 404 613 αὖείκα
417 555 585 626 λεχθήσεται,
598 556 666 629 μετοί
680 558 727 613 τδν
747 558 852 612 ἐκείνου

88 646 212 701 θάνατον
226 641 414 714 ἀπολαμβάνει
440 642 488 711 τὴν
500 641 571 697 κατοί
589 643 671 712 νόμον
690 640 851 699 δυναστείαν

89 729 215 803 Νομίτωρ
230 726 245 781 δ
258 728 309 782 τῶν
322 728 466 783 νεανίσκων
478 727 667 801 μητροπάτωρ.
695 725 732 800 tq?
751 720 776 781 δ’
795 729 851 797 ἑξῆς

88 813 138 870 ἔτει
152 816 198 883 τῆς
212 810 369 886 Νομίτωρος
382 808 478 885 εἰρχῆς,
501 811 611 883 δευτέρην
631 810 659 866 δί
672 810 718 867 καί
737 830 851 884 τριακα-

88 896 140 972 στῷ
154 896 199 954 καί
213 897 423 971 τετρακοσιοστῷ
435 897 501 968 μετα
512 889 756 963 τὴνἸλίουῶλωυιν,
770 891 851 952 ἅπαν·

87 984 150 1039 κίαν
163 981 308 1047 στείλαντες
316 977 448 1053 Ἀλβανοί,
467 977 605 1052 Ῥωμίλου
618 978 665 1036 καί
682 975 788 1053 Ῥώμου
801 980 850 1050 την

86 1065 231 1141 ἡγεμονίαν
257 1061 340 1135 αὐτῆς
354 1067 474 1134 ἐχόντων,
502 1064 620 1132 κτίζουσι
641 1061 754 1137 Ῥώμην,
775 1062 851 1130 ἔτους

86 1153 225 1216 ἐνεστῶτος
239 1151 346 1226 πρῶτον
365 1154 410 1221 τῆς
423 1150 539 1224 ἑβδόμης
557 1146 731 1222 ὀλυμπιάδος,
752 1144 784 1218 ἣν
798 1152 850 1207 ἐνί·

87 1260 123 1294 κα
137 1235 248 1294 στοίδιον
262 1238 380 1305 Δαϊκλῆς
393 1236 539 1304 Μεσηνιος,
566 1228 695 1309 ἄρχοντος
717 1228 849 1311 Ἀθήνησι

87 1323 220 1397 Χαροποῶ
237 1320 295 1385 ἔτος
308 1324 353 1391 τῆς
368 1320 502 1383 δεκαετίας
517 1321 632 1392 πρῶτον.

150 1403 272 1462 LXXII.
296 1399 525 1479 Ἅμφιοβητησεως
547 1403 575 1459 δὲ
590 1404 688 1473 πολλῆς
708 1399 790 1474 οὔσης
802 1404 850 1462 καί

85 1489 146 1565 περί
159 1491 209 1546 τοῦ
219 1493 321 1564 χρόνου
335 1494 382 1561 τῆς
395 1493 512 1557 κτίσεως,
527 1487 573 1544 καί
584 1489 645 1564 περὶ
658 1490 709 1547 τῶν
723 1480 848 1546 οἰκιστῶν

86 1580 131 1646 τῆς
143 1577 251 1641 πόλεως,
266 1570 329 1630 ου’δί
342 1570 424 1638 αὗτδς
441 1569 515 1647 η’ίμην
529 1573 585 1631 δεῖν
599 1570 687 1650 ῶσπερ
700 1574 849 1647 ὁμολογού·

86 1681 153 1731 μενα
167 1661 234 1735 πρὸς
248 1657 373 1715 ἁπάντων
386 1663 413 1724 ἐξ
424 1660 571 1736 ἐπιδρομῆς
584 1662 715 1716 ἐπελθεῖν.
747 1660 848 1733 Κεφιί·

87 1749 138 1800 λων
150 1745 199 1815 μὲν
211 1745 264 1819 γοίρ
279 1743 295 1799 ὅ
310 1744 456 1818 Γεργίθιος
471 1744 641 1818 συγγραφεὺς
659 1745 773 1808 παλαιδς
791 1745 848 1800 ποί-

87 1848 128 1894 νυ,
144 1827 254 1901 δευτέρᾳ
271 1827 349 1900 γενεᾷ
366 1830 433 1899 μετοί
450 1830 498 1884 τδν
516 1822 630 1884 Ἰλιακὸν
649 1830 764 1901 πόλεμον
781 1831 849 1885 ἐκτί-

88 1918 157 1969 σθαι
171 1913 236 1985 λέγει
251 1912 300 1980 τήν
312 1913 391 1966 πόλιν
410 1911 462 1967 ῶπδ
482 1913 534 1969 τῶν
554 1916 581 1976 ἐξ
597 1907 679 1968 Ἰλίου
698 1912 848 1971 διασωθέν-

88 2017 139 2052 των
152 1994 203 2051 σδν
216 1991 325 2068 Αἰνείᾳ·
347 1993 466 2066 οἶκιστην
481 1996 509 2052 δὲ
528 1992 610 2066 αὐτῆς
630 1994 778 2068 ἀποφαίνει
799 2001 848 2055 τὸν

87 2079 256 2155 ἡγησάμενον
269 2082 315 2149 τῆς
341 2078 467 2146 ἀποικίας
476 2078 591 2155 Ῥῶμον·
618 2084 714 2138 τοῦτον
741 2077 764 2137 δ’
778 2076 847 2140 εἶναι

87 2169 139 2223 τῶν
153 2162 381 2222 Αίνείουπαίδων
404 2164 464 2221 ἕνα·
492 2169 618 2244 τέτταρας
641 2165 672 2222 δέ
698 2187 781 2239 φησιν
793 2165 847 2225 Αί-

87 2254 145 2327 νείηι
155 2252 287 2326 ’γενέσθαι
301 2250 408 2317 παῖδας,
420 2245 565 2321 Ἀσκάνιον,
576 2246 762 2326 Εὗρυλίοντα,
777 2249 846 2308 Ῥω-

86 2336 180 2408 μίιλον,
192 2331 302 2408 Ῥῶμον.
332 2338 434 2413 είρηται
448 2336 476 2391 δὲ
488 2339 640 2412 Δημαγόρᾳ
657 2335 704 2393 καί
714 2331 845 2440 {4711pr-

86 2423 122 2493 λῳ
135 2442 182 2476 και
171 2416 284 2485 ἄλλοις
296 2441 404 2492 συχνοις
417 2442 442 2489 ο
457 2442 484 2476 τε
495 2424 603 2525 χρόνος,
619 2420 664 2477 καί
678 2420 694 2477 δ
707 2425 751 2491 τῆς
765 2419 845 2480 οἷποε

86 2507 145 2568 κίας
156 2500 261 2606 ηγεμῶν
273 2503 290 2561 ὅ
302 2501 393 2572 αὖτίς.
420 2505 436 2563 δ
450 2505 477 2561 δε
491 2508 538 2570 ταὶς
552 2506 646 2582 ίερείας
664 2507 710 2571 τοίς
722 2501 773 2562 cv'
762 2517 844 2582 Αργεε

78 2588 130 2641 να)
139 2609 176 2641 m
171 2584 261 2645 καθ’
270 2591 388 2664 ίκνίυτην
405 2590 569 2671 πραχθεντα
589 2589 839 2670 ουνογαγῶν,ιλι
