1890 2970
10 101 34 155 Ι
148 129 575 201 ιιιτιρνιτιτνιιοοιικα.
596 134 660 185 τοι.
671 133 718 183 τι
766 139 816 193 35η

10 230 33 267 ¹
25 241 214 337 ,,ε’φε’σιισν,
241 231 302 293 οῶτε
317 237 375 314 ἱερά
387 239 473 310 κοινά,
488 233 550 294 οῶτε
564 234 696 339 άξιιομα’
678 261 711 304 ας
724 241 751 293 ἐν
765 261 816 296 πα-

19 309 191 396 ⁵⁵„19t'‹5c‚
174 344 209 379 ιον
222 324 399 396 περιεχόμενοι
418 320 644 424 φιλογαροίμεν’
626 343 660 377 αν
679 320 726 378 καλ
742 329 816 425 παρά

10 402 295 521 ;,,γνῶμηνμένειν,
321 401 376 462 άλλ’
403 403 500 463 οὐδ’
485 401 816 482 ημετάτῶνὸπλωντσῖς

10 487 184 562 Ι’,σώμασι
207 489 273 562 μετά
299 492 404 546 πολλῶν
429 491 517 547 πόνων
530 492 685 565 ἐλευθερια·
709 490 766 547 ἐπεὶ
781 496 813 547 τά

10 570 30 604 ”·’
57 572 126 646 ,μὲν
139 571 166 628 οῖ
179 575 287 647 πόλεμον
301 572 468 649 διέφθειραν,
493 577 527 630 τά
541 574 568 630 δὲ
580 570 596 644 τ’]
608 577 659 630 τῶν
673 569 738 631 καθ’
752 571 812 648 ἦμέ-

10 655 28 689 ¹
57 676 128 731 ,,ραν
140 657 234 721 σπάνις
253 655 407 732 ἀναγκαίων
420 660 576 725 ἐξανάλωσε,
602 660 635 713 τά
650 654 678 711 δ’
694 657 746 713 ὑπὸ
761 663 813 714 τῶν

10 739 27 783 Ι
55 738 255 815 ,,ύιτερηφάνοιν
269 740 410 800 δανειστῶν
429 742 531 799 τούτων
551 739 743 816 άφηρέθημεν·
772 736 812 808 οἷς

10 825 25 859 ¹
55 827 239 898 ,τελευτῶντες
251 823 459 901 ἠναγκαζόμεθα
472 828 534 891 τούς
547 827 647 882 ἑαυτῶν
659 827 771 901 κλήρους
784 828 811 882 οἱ

10 910 24 987 ‚⁴
55 909 187 980 ,δείλαιοι
200 913 334 984 γεωργεῖν,
348 912 518 976 σκάπτοντες,
531 909 700 983 φυτεύοντες,
713 906 811 985 άροῶν·

10 994 23 1027 ¹
53 1014 122 1068 ,,τες,
136 994 249 1067 ποίμνια
263 995 389 1066 νέμοντες,
402 993 548 1069 ὁμόδουλοι
568 996 623 1060 τσῒς
647 996 749 1050 ἑαυτῶν
762 994 806 1052 δυο

10 1080 21 1111 ⁵
54 1077 205 1152 ,μικτητοις
218 1076 399 1152 άνδραιτδδοις
411 1076 493 1147 ὄντες,
507 1075 536 1135 οῖ
547 1077 596 1148 μὲν
609 1075 700 1133 άλύσει
713 1077 808 1135 δεθέν,

10 1162 20 1197 ¹
54 1180 123 1233 ,,τες,
137 1159 164 1216 οἱ
177 1159 205 1215 δὲ
218 1161 321 1230 πέδαις,
345 1160 372 1217 οῖ
385 1161 413 1216 δι’
428 1157 514 1237 ῶσπερ
527 1164 561 1217 τά
573 1162 746 1229 χαλεπώτατα
759 1165 808 1218 τῶν

54 1245 186 1318 ,,θηρίων,
200 1247 298 1309 κλοιοῖς
307 1242 354 1300 καὶ
365 1243 483 1318 μύδροις.
498 1247 587 1308 αἰκίας
601 1245 628 1300 δὲ
640 1244 672 1315 δη
685 1246 732 1301 καὶ
745 1267 810 1322 προ·

54 1328 266 1400 ,,πηλακισμούς,
281 1327 326 1383 καλ
336 1329 474 1400 μάστιγας,
493 1326 538 1384 καὶ
552 1330 652 1391 πόνους
670 1332 698 1383 ἐκ
716 1334 807 1394 νυκτὸς

53 1408 110 1484 ,,είς
123 1410 214 1481 νύκτα,
229 1411 274 1467 καλ
285 1413 375 1467 πᾶσαν
387 1407 468 1479 άλλην
482 1409 600 1485 άνάγκης
619 1406 749 1484 ὠμότητα,
762 1413 808 1467 καλ

53 1490 155 1568 ,,ύ’βριν
168 1493 214 1550 καὶ
226 1492 418 1570 ύιτερηφανίαν,
431 1490 464 1565 ἣν
478 1493 663 1568 ὑπεμείναμεν,
682 1496 723 1554 ἐῶ.
742 1515 808 1552 τοσ-

56 1576 162 1647 ,,σύτων
186 1566 236 1634 σύν
261 1576 308 1634 καὶ
325 1578 485 1650 τηλικούτων
499 1576 697 1652 άπηλλαγμὲνοι
721 1583 809 1635 κακῶν

56 1659 129 1733 ,ὑπὸ
143 1662 191 1719 τού
206 1661 346 1735 δαίμονος,
374 1657 424 1734 ὅση
443 1663 550 1731 σπουδή
565 1661 611 1718 καὶ
624 1661 737 1734 δύναμις
750 1666 809 1718 ἑκά-

57 1766 130 1818 ,,στφ
139 1746 257 1822 πάρεστι,
269 1746 406 1819 φεύγωμεν
419 1742 466 1804 ἅττ’
481 1741 568 1801 αὐτῶν
582 1740 700 1819 ῶσμενσι,
729 1745 809 1816 τύχην

55 1828 123 1902 ,καὶ
137 1833 213 1902 θεὸν,
227 1829 304 1903 οἵπερ
313 1826 382 1903 ἡμᾶς
391 1829 527 1897 σώζουσιν,
541 1825 671 1904 ἡγεμόνας
683 1833 728 1900 τῆς
741 1830 808 1886 ὁδοῦ

56 1915 264 1986 ,,ιτοιησάμενοι,
282 1914 399 1990 πατρίδα
419 1915 569 1988 νομίζοντες
586 1914 635 1983 τήν
651 1916 808 1988 ἐλευθερίαν

57 1996 122 2068 ,καί
135 1999 251 2053 πλούτου
263 1999 310 2067 τὴν
323 1994 428 2073 άρετήν.
454 1999 529 2055 πάσα
541 1999 594 2072 γάρ
607 1995 674 2070 ἡμᾶς
688 1996 808 2063 ὑποδέξε-

58 2101 122 2149 ,,ται
134 2084 167 2154 γῆ
180 2081 331 2154 κοινωνούς,
358 2085 392 2137 τά
404 2083 453 2155 μὲν
467 2078 586 2146 άλύπους
597 2084 739 2155 ἐσομένους
752 2085 808 2145 τοῖς

57 2162 286 2237 ,ὑποδεξομένσις
305 2164 339 2218 τά
354 2160 382 2219 δ’
402 2161 558 2238 ὠφελίμους.

121 2246 240 2346 LXXX
262 2248 493 2324 ,Παραδείγματα
518 2247 546 2303 δε
559 2247 661 2303 τούτων
671 2250 809 2322 γινέσθω-

56 2352 129 2404 ,,σαν
148 2326 212 2403 ἡμῖν
231 2333 327 2387 πολλοί
347 2353 375 2388 τε
383 2328 503 2402 Ελληνες
515 2332 610 2387 πολλοί
621 2352 648 2386 τε
660 2332 807 2430 βάρβαροι,

56 2417 189 2486 ,μαλιστα
206 2411 232 2467 δ
254 2412 280 2470 οἱ
292 2413 393 2472 τούτων
406 2437 434 2470 τι
446 2412 492 2470 καλ
510 2410 582 2485 ημῶν
601 2415 745 2520 πρόγονοι
773 2402 807 2470 ῶν

65 2497 101 2564 ,σί
88 2501 176 2599 με’ν,
201 2519 248 2569 μετ
248 2493 380 2555 Ἀἰνείου
403 2500 613 2564 συναναστάντες
625 2502 653 2554 ἐκ
667 2501 713 2568 τῆς
723 2492 807 2563 Ἄσίας

56 2578 110 2652 ,εἷς
123 2604 168 2654 την
181 2576 320 2658 Εδρώπην,
333 2586 360 2639 ἐν
374 2603 406 2658 τη
395 2582 543 2639 Λατίνων
556 2604 589 2658 γη
579 2579 717 2639 πάλιν”
695 2604 807 2655 ιρκισαι
