1890 2970
92 90 130 153 τι
216 84 372 140 [nomn
390 83 733 138 εεωοκοωκεεασειε

89 196 224 296 βρρικικοῦ
247 196 350 251 κόλπου
373 192 441 267 πρός
466 193 497 247 τό
519 187 693 293 άκρωτήριον.
720 187 852 267 κάκεῖθεν

88 299 125 342 εις
129 273 295 355 Αμρρακιαν
303 277 577 352 αφικνουνταιπόλιν
592 264 805 383 ηςίβριοίλευεν”
792 285 853 353 Αμ-

87 363 185 437 βραξ
170 385 185 419 ο
198 366 350 436 Δεξαμενοῦ
372 365 421 419 τοῦ
433 359 601 482 Ἡρακλέους.
620 361 667 418 καί
692 361 852 420 ὕπολείπον-

87 468 131 503 ται
146 451 296 523 ἑκατέρωθι
317 452 434 523 μνημεῖα
449 450 496 517 τῆς
508 444 635 519 άφίξεως·
649 451 677 504 ἐν
688 442 776 521 Ἀκτίῳ
794 449 850 520 μίν,

85 527 239 606 Ἀφροδίτης
252 533 394 596 Αἰνειάδος
407 531 487 607 ἱερόν,
514 532 560 588 καί
572 533 686 600 πλησίον
705 528 792 589 αὖτοῢ
804 536 850 588 θε-

87 639 124 672 ων
132 615 296 693 μεγαλων
278 641 296 674 α
310 618 357 675 καί
372 640 407 682 εις
420 622 465 690 εμε
479 638 540 671 νυν·
561 620 589 672 ἐν
606 615 634 672 δὲ
648 613 827 692 Αυβρακίαῇ
817 639 851 672 ιε-

87 704 136 776 ρίν
149 707 195 774 τῆς
208 699 292 774 αὐτῆς
304 704 383 774 θεοῦ,
398 702 443 758 καί
455 699 542 809 ἡρῶον
553 697 662 757 Αἰνείου
675 703 787 771 πλησίον
801 705 850 758 τοῦ

87 809 183 862 μικροο
168 790 333 863 θεάτρου,
361 791 388 843 εν
402 774 422 859 ᾧ
435 787 481 842 καί
494 789 591 850 ξόανον
608 788 706 859 μικρόν
720 783 849 862 άρχαίκόν

87 870 200 929 Αἰνείου
211 875 363 945 λεγόμενον,
378 869 426 927 καί
448 866 515 927 αότο
505 872 643 935 θυσίαις
655 874 794 947 όχίραιρον
819 870 850 927 αἱ

149 1039 198 1098 LI.
218 1036 263 1096 'Eu
278 1041 307 1097 δε
320 1037 484 1115 Ἀμβρακίας,
509 1035 626 1114 Αχχισης
637 1062 686 1112 μεν
711 1041 759 1106 τάς
784 1043 849 1121 ναῦς

86 1125 159 1196 ἔχων,
172 1128 247 1199 παρά
259 1131 312 1200 γῆν
328 1122 544 1198 κομιζόμενος,’
521 1146 556 1188 εις
569 1125 739 1198 Βουθρωτὸν
756 1126 848 1198 λιμένα

86 1215 132 1281 τῆς
142 1205 272 1287 Ἠπείρου
286 1213 437 1284 κατάγεται.
465 1207 572 1272 Αἰνείας
586 1207 614 1265 δὲ
630 1208 674 1264 καί
694 1207 722 1264 oi
734 1206 848 1283 άκμαιό-

87 1316 162 1351 τατοι
175 1296 225 1351 οίν
239 1291 313 1371 αὐτῷ
328 1297 373 1352 τοῦ
388 1296 521 1369 στρατοῦ,
549 1292 720 1358 διανύσαντες
742 1291 848 1370 ἡμερῶν

86 1380 164 1436 δυοῖν
178 1380 258 1448 ὁδόν,
272 1379 308 1448 είς
320 1380 453 1450 Δωδώνην
480 1376 659 1452 άφικνοῦνται
683 1381 847 1453 χρησόμενοι

86 1463 122 1566 tq?
135 1464 206 1537 θεῷ·
233 1464 279 1522 καί
305 1465 549 1537 καταλαμβάνουσι
578 1465 672 1536 Τρῶας
684 1464 746 1528 τοὺς
759 1460 845 1521 αάτοίι
909 1518 912 1522 1

85 1549 135 1604 σίν
146 1544 249 1623 Ἑλίνω.
276 1548 430 1621 ἀνελόμενοι
443 1549 472 1604 δὲ
482 1548 619 1622 χρησμοὺς
633 1544 694 1620 περὶ
708 1551 753 1616 τῆς
765 1546 845 1605 άποι·

85 1633 154 1701 κίας,
168 1656 214 1690 και
204 1633 273 1691 τόν
286 1634 357 1692 θεόν
370 1630 532 1706 άναθὴμαοι
553 1630 763 1731 δωρησάμενοι
755 1641 780 1686 Ἰ
778 1654 846 1707 ρωι

86 1721 149 1784 κοῖς,
162 1712 251 1782 ἄλλοις
264 1740 298 1784 τε,
315 1717 359 1774 καί
375 1737 505 1791 κρατηροι
521 1718 643 1786 χαλκοῖς,
672 1736 707 1771 ων
730 1737 797 1780 τινες
809 1738 846 1772 ετι

86 1803 212 1876 περίεισιν
232 1804 398 1875 ίπιχραφαις
411 1803 483 1855 πάνυ
495 1798 623 1901 άρχκίαις
635 1799 776 1871 δηλουντες
785 1801 847 1869 τούς

85 1883 249 1952 άναθὲντας,
261 1886 305 1941 ἐπὶ
319 1887 350 1940 τό
363 1885 489 1939 ναυτικόν
507 1882 693 1956 άφικνοίνται,
715 1887 845 1961 τεττάρων

84 1971 200 2044 μάλιστα
212 1967 314 2046 ἡμερῶν
328 1970 481 2032 διελθόντες
494 1968 568 2025 ὁδόν.
582 1973 609 2025 ἐκ
625 1969 653 2025 δὲ
671 1970 843 2046 Βουθρωτοῖ

85 2056 158 2128 παρά
171 2058 221 2128 χῆν
236 2057 412 2128 κομισθέντες
435 2048 498 2127 άχρι
516 2055 634 2124 λιμένος,
661 2047 781 2127 Ἀχχίσου
798 2055 844 2117 μὲν

84 2139 145 2195 τότε
164 2135 375 2213 όνομαοθίντος,
412 2139 461 2193 νῦν
481 2138 509 2193 δὲ
535 2136 721 2212 ἀσαφεστέραν
742 2139 845 2210 ἔχοντος

85 2219 245 2298 όνομαοίαν,
259 2222 331 2301 ίερόν
344 2218 500 2280 καὶαίτόθι
512 2226 558 2292 τῆς
567 2217 719 2297 Ἀφροδίτης
734 2221 845 2299 ίόρυσά·

84 2327 175 2379 μενοι,
190 2309 326 2384 διαίρουσι
339 2311 387 2365 τόν
398 2304 501 2373 Ἰόνιον,
529 2303 662 2380 ἦχεμόνας
686 2306 787 2377 ἔχοντες
799 2310 844 2378 τῆς

85 2392 221 2461 ναυτιλίας
228 2439 237 2466 ,
256 2392 285 2450 οἳ
296 2395 479 2451 συνέπλευσαν
493 2388 584 2456 αὐτοῖς
597 2390 766 2460 ε’θελοάσιοι,
781 2411 840 2448 ουν·

83 2477 262 2552 επιαπίεμενοι
287 2480 351 2543 τούς
373 2480 425 2536 σίν
449 2477 579 2550 Πάτρωνι
603 2475 640 2548 τῷ
657 2474 844 2550 Θουρίῳ·καί

81 2554 170 2614 κίτίίν
186 2561 281 2638 οἱμὲν
299 2564 421 2630 πλείους,
436 2559 526 2630 ἐπειδη
552 2561 619 2628 σῶος
641 2559 658 2615 ό
678 2558 791 2638 στρατός
810 2557 845 2625 είς
