1890 2970
121 115 167 173 34
233 111 390 164 DlONYSII
413 111 758 167 HALICARNASSENSIS

120 238 174 282 τοις
187 239 249 286 νυν
265 238 306 272 οτι
318 240 353 289 μη
381 214 515 321 τοῦνομα,
542 219 589 277 καί
615 215 679 276 οὗόὲ
706 225 785 275 τοῦτο
809 221 880 276 πολ·

118 302 188 357 λοί”
174 323 273 359 ισσσιν.
301 291 333 369 ἦν
348 301 408 357 δί’
390 306 490 408 αχορᾶς
508 306 644 368 Ποπιλίας
670 299 880 376 καλουμένης”
847 325 880 360 ου

118 389 218 460 πρόσω.
232 389 317 443 πολλοὶ
331 387 419 443 δίκαι
409 384 547 445 ι’ίλλα
518 393 563 460 της
589 410 616 444 τε
641 389 878 464 παραθαλαττίου,

119 472 165 527 καί
183 476 211 527 ἐν
236 474 269 548 τῇ
293 473 422 547 μεσογείῳ
441 475 528 550 χωρία
554 477 689 543 κατέσχον,
719 472 879 546 αφελόμενοι

118 556 180 621 τούς
193 556 328 622 Σικελούς.

170 640 278 701 ..XXII
309 640 342 698 Οί
357 640 384 697 δὲ
399 644 521 698 Σικελοί·
535 638 568 697 οὗ
580 644 632 718 μιίρ
645 641 682 697 ἔτι
696 640 812 712 αντὲχειν
825 639 879 703 οἷοί

119 748 146 782 τε
162 714 236 795 ἦσαν,
264 726 318 782 ὑπό
331 747 360 781 τε
374 729 522 799 Πελασγῶν
537 728 582 783 καί
605 723 776 833 Ἀβοριγίνων
802 732 879 786 πολι·

120 811 263 915 αοίμενοι
276 814 355 867 τέκνα
369 811 415 866 καί
439 815 583 885 γυναῖκας,
598 810 646 867 καί
666 814 810 887 χρημάτων
826 810 877 871 ὅσα

115 897 214 969 χρυσός
227 893 244 963 ἢ
258 891 377 1002 ι’ίρχυρος
396 884 436 964 ἦν,
457 893 713 969 ἀνασκευασάμενοι,
733 897 877 970 μεθίενται

117 978 211 1046 αὐτοῖς
224 978 330 1049 απόσης
343 983 388 1049 τῆς
400 984 457 1054 γῆς.
472 983 634 1056 τραπόμενοι
648 981 676 1036 δὲ
691 980 781 1037 διό
750 1002 794 1052 της
808 978 877 1057 ὄρει·

116 1067 162 1133 νῆς
187 1063 231 1120 ἐπί
244 1087 277 1120 τα
271 1067 378 1135 νότια,
392 1086 437 1120 και
429 1060 654 1130 Μδιεξελθόντες
635 1085 746 1121 απασαν
758 1061 876 1124 Ἰταλίαν

115 1151 164 1218 την
182 1151 266 1217 κοίτω,
288 1150 377 1219 ἐπειόὴ
396 1152 569 1220 πανταχόθεν
596 1147 783 1219 ἀπηλαύνοντο
790 1193 799 1218 ,
826 1153 874 1208 σὺν

116 1236 203 1309 χρόνῳ
216 1235 480 1307 κατασκευασάμενοι
499 1235 603 1304 σχεδίας
625 1234 670 1290 ἐπὶ
693 1234 729 1309 τῷ
748 1236 874 1310 πορθμῷ,

116 1319 160 1376 καί
174 1320 337 1392 φυλάξαντες
349 1321 479 1375 κατίοντα
492 1321 539 1375 τόν
552 1321 626 1394 ῥοῦν,
640 1316 694 1376 σίτιό
708 1321 752 1387 τῆς
763 1315 877 1386 Ἰταλίας

117 1405 243 1477 διέβησαν
256 1403 298 1459 ἐπί
315 1407 362 1473 την
375 1404 485 1479 ίχχιστα
497 1407 587 1473 νῆσον.
602 1406 725 1472 κατεῖχον
746 1397 775 1458 δ’
789 1401 874 1475 αὐτὴν

115 1489 236 1553 Σικανοί,
251 1482 478 1563 χίνοςἸόηρικόν,
493 1484 526 1544 οὔ
540 1487 629 1562 πολλῷ
647 1489 873 1565 πρότερσνσυνοι·

115 1574 263 1644 κιαιίμενοι,
278 1576 384 1646 Λίγυας
409 1573 565 1646 φεὺχοντες·
598 1572 644 1629 καί
670 1573 873 1648 παρεσκεύασαν

113 1654 152 1727 ιίφ
152 1653 275 1714 ’ἑαυτῶν
289 1658 423 1714 Σικανίαν
435 1661 571 1727 κληθῆναι
591 1659 639 1726 την
660 1660 749 1728 νῆσον,
773 1667 870 1735 Τρινα-

112 1742 190 1814 κρίαν
210 1743 315 1843 πρῶτον
341 1739 553 1840 ὀνομαζομένην,
588 1739 643 1797 από
665 1744 713 1799 τοῦ
725 1743 871 1848 τριγώνρυ

74 1856 78 1862 ·
110 1824 250 1895 σχήματος.
265 1846 336 1894 ησαν
350 1826 381 1882 όε
391 1846 423 1880 ου
414 1821 557 1881 ’πολλοί“
545 1845 573 1881 εν
585 1828 685 1928 μεχοίςλη
697 1822 769 1930 ριυτῇ
791 1825 870 1890 οἰκη-

109 1929 193 1982 τορες,
207 1903 263 1964 αλλ’
289 1905 458 1978 ηπλείων
427 1932 472 1980 της
482 1932 571 1984 χωρας
589 1909 626 1965 ε’τι
643 1932 676 1979 ην
697 1910 800 1988 ἔρημος.
821 1934 869 1968 κα-

108 1981 294 2061 ταχθέντες
262 2014 311 2049 ουν
325 1992 359 2057 εἰς
372 1991 457 2062 αὐτην
471 1993 591 2061 Σικελοί,
606 1995 636 2049 τό
654 1996 703 2069 μὲν
721 1998 829 2070 πρῶτον
843 2002 871 2054 ἐν

108 2081 164 2142 τοῖς
178 2078 309 2152 ἑσπερίοις
320 2073 547 2152 με’ρεσινῷκησαν,
561 2101 650 2134 επειτα
662 2102 708 2140 και
698 2075 789 2155 αλλη
803 2085 868 2140 πολ·

107 2161 183 2236 λαχῇ,
199 2160 245 2217 καί
259 2183 377 2233 τουνομα
391 2187 407 2232 η
421 2184 505 2266 νησοςς
516 2163 559 2219 ε’πί
572 2164 672 2220 τούτων
691 2160 789 2269 ηρξατσ
814 2174 868 2221 Σι-

109 2249 182 2301 κελία
196 2249 347 2303 καλεῖσθαι
365 2250 396 2303 τό
410 2249 459 2317 μίν
473 2269 522 2303 ουν
537 2249 677 2303 Σικελικόν
695 2251 772 2323 γένος
786 2270 869 2314 ουτως

108 2332 221 2393 ἐξέλιπεν
233 2327 392 2388 Ἰταλίαν·“
375 2354 408 2395 ως
421 2352 469 2404 μεν
478 2329 668 2397 Ἑλλοίνικοςε
653 2354 667 2387 ο
686 2334 803 2405 Λέσβιός
815 2357 866 2407 φη·

108 2435 143 2481 σι,
159 2417 233 2490 τρίτη
245 2416 323 2490 χενερῖ
345 2419 474 2493 πρότερον
495 2419 547 2472 τῶν
566 2418 704 2492 Τρωῖνῶν,
729 2413 868 2487 Ἀλκυόνης

104 2494 244 2569 ίεμαμίιης
256 2495 306 2555 ἐν’
296 2511 376 2575 Αρχει
389 2504 459 2558 κατοί
472 2503 502 2557 τὸ
516 2521 591 2558 εκτσν
604 2523 651 2558 και
640 2499 815 2559 εἷκοστόν”
801 2523 869 2564 ετος

80 2574 206 2654 dv'oya‘p
215 2603 293 2639 ποιει
286 2587 423 2651 στόλους
437 2581 586 2656 Ἰταλικούς
603 2584 797 2667 όταβοιντας
780 2608 816 2650 εις
837 2591 884 2639 Σι
