1890 2970
138 115 172 168 22
256 104 416 157 DIONYSII
434 101 774 156 HALICARNASSENSIS

139 213 188 284 ,,δε“
201 211 246 269 καὶ
259 212 416 286 λαμβάνωσι
429 211 463 266 τά
477 209 566 268 δι’καια
579 210 625 267 καὶ
644 207 772 280 ὑπέχωσιν
791 208 819 266 οῖ
834 206 898 284 μετ’.

139 300 221 366 ,,ζους
233 300 288 361 τοῖς
300 297 451 364 ἐλάττοσιν,
477 299 505 360 ἐξ
515 297 577 353 ἴσου
590 296 689 364 νόμους
707 294 833 366 θύσομαι
847 315 897 349 κω·

139 383 243 452 ,,λυτάς
254 381 302 454 μέν
314 384 360 450 τῆς
383 381 453 453 βίας,
467 379 590 451 φύλακας
616 377 644 433 δέ
656 381 702 449 τῆς
716 377 897 449 δικαιοσύνης,

140 466 208 534 ,καὶ
219 461 301 532 αύτδς
312 460 410 522 ούδένα
421 465 518 538 χρόνον
530 461 620 533 άνησω
633 467 679 533 τῆς
689 459 814 520 ἁπάντων
827 484 896 537 προ·

139 549 303 623 ,νοούμενος
316 546 481 622 έσηγορίας.’·

202 636 238 692 Χ.
264 635 385 689 Τοιαύτα
398 634 518 707 λέγοντος
532 628 624 698 αύτού,
645 629 759 695 πολύς’
745 650 852 698 επαινος
864 635 894 687 ἐκ

139 722 185 786 τῆς
197 716 335 786 ἐκκλησίας
357 718 467 788 ἐγένετο,
494 719 545 771 τῶν
556 717 614 789 μέν,
635 710 677 771 ὅτι
697 701 818 778 πιστὸς
802 736 834 782 ην
848 715 895 772 καὶ

140 802 243 865 δίκαιος
262 799 323 874 περὶ
343 801 405 865 τούς
417 795 561 904 εὐεργέτας,
581 798 776 855 ἐπαινούντων·
789 793 892 864 τῶνδ’,

139 881 181 940 δτι
209 883 402 988 φιλάνθρωπος
427 905 474 940 ναι
464 880 726 958 μεγαλύιμυγος’
704 904 739 947 εις
751 904 813 950 τους
826 881 895 938 από

139 987 216 1043 ρους
234 987 287 1022 των
301 963 341 1034 δ
360 967 394 1033 ιἰς
405 969 510 1042 μέτριος
524 988 571 1023 και
561 966 730 1041 δημοτικὸς
748 969 815 1041 πρὸς
832 958 895 1032 τούς

139 1053 354 1126 ταπεινοτέρους·
368 1053 496 1109 απαντων
507 1046 545 1119 δ
573 1047 615 1107 δτι
627 1053 739 1124 νόμιμος
751 1072 797 1106 και
787 1051 894 1107 δι’και-

139 1156 167 1200 ος
179 1130 275 1208 άργων,
302 1132 467 1211 άγαπέιντων
479 1157 507 1192 τε
520 1158 565 1193 και
590 1136 810 1208 τεθαυμακότων.
837 1135 893 1191 δια-

137 1220 265 1289 λυθείσης
279 1218 349 1274 δέ”
318 1240 364 1289 της
377 1223 482 1292 έκκλησύ
483 1243 526 1289 ας,
547 1222 606 1284 ταῖς
623 1215 705 1290 ἑξῆς
691 1220 800 1293 ηαέραις
820 1216 894 1276 άπα-

137 1304 293 1380 γράφεσθαι
305 1303 430 1370 κελεύσας
453 1305 515 1369 τούς
536 1303 689 1378 ύπσγρέους,
716 1298 777 1359 ὅσοι
790 1324 837 1372 την
851 1307 893 1360 πλ·

138 1407 196 1443 στιν
210 1376 369 1446 άδύνατοι’
355 1409 424 1457 ησαν
436 1389 588 1461 φυλάττειν,
601 1388 670 1444 τέσιν
685 1383 832 1460 οφείλουσι,
846 1388 893 1444 και

138 1472 253 1529 πδσον“’
239 1493 358 1540 εκαστος,
373 1473 463 1543 ἐπειδὴ
481 1474 528 1538 τάς
542 1469 705 1577 ἀπογραφάς
722 1471 807 1544 ἔλαβε,
831 1493 891 1547 τρα·

138 1558 214 1622 πέζας
226 1556 287 1622 θεις
305 1553 372 1613 έν
354 1555 452 1633 αγορᾷ,
480 1559 586 1613 πάντων
607 1556 727 1632 ὁρώντων
741 1552 891 1630 άπηρίθμει

139 1644 194 1705 τοῖς
213 1640 361 1706 δανεισταῖς
379 1643 413 1696 τά
424 1641 498 1715 χρέα.
517 1642 603 1696 ταῦτα
617 1640 825 1715 διαπραξάμενος
837 1645 891 1706 έξέ-

136 1729 222 1793 θηκεν
236 1728 264 1780 έν
277 1724 384 1800 φανερῷ
399 1724 533 1800 διάταγμα
545 1726 694 1798 βασιλικὸν,
715 1729 837 1799 ἐκχωρεῖν
845 1731 891 1797 τῆς

137 1808 266 1878 δημοσέας
283 1811 332 1881 γῆς
348 1809 410 1873 τούς
429 1811 631 1883 καρπουμένους
642 1829 670 1865 τι
683 1807 729 1865 καὶ
740 1805 797 1884 ύδλρι
818 1814 892 1867 κατέ·

136 1912 231 1958 γοντας
247 1887 331 1959 αύτήν
350 1894 379 1947 έν
393 1891 526 1968 ὡρισμένῳ
538 1890 590 1948 τινῖ
601 1895 696 1968 χρόνῳ,
711 1893 755 1949 καὶ
769 1894 830 1958 τούς
844 1891 890 1950 ού·

137 1975 197 2031 δένοι
211 1977 308 2050 κλῆρον
322 1972 430 2045 ἔχοντας
441 1979 492 2033 τῶν
506 1979 621 2034 πολιτῶν
631 1980 697 2055 πρὸς
710 1979 806 2034 ἑαυτὸν
823 1974 891 2033 άπο·

135 2059 309 2164 γράφεσθαι·
323 2061 422 2134 νόμους
433 2081 462 2117 τε
474 2063 641 2166 συνέγραφεν
660 2065 688 2117 έκ
709 2064 761 2118 τῶν
775 2059 890 2135 άρχαέων

136 2164 182 2199 και
172 2142 456 2249 παρημελημένων
438 2145 638 2217 ανανεούμενος,
653 2139 701 2210 οὓς
713 2141 845 2218 Ῥωμύλος
863 2166 891 2203 τε

136 2225 294 2334 εἷσηγησατο
307 2226 352 2283 καὶ
366 2230 462 2304 Νομας
469 2231 629 2303 Πομπλλιος
644 2250 691 2294 ους
664 2225 891 2295 δεαυτδςκαθ

137 2315 283 2384 ιυτάμινος.
310 2313 396 2370 ταύτα
430 2309 508 2368 δέ’
473 2314 557 2369 αυτού
590 2313 796 2414 πολιτευομένρυ
811 2317 890 2383 γαλε-

136 2399 190 2459 πῶς
202 2417 297 2473 εφερον
310 2394 338 2451 οἱ
356 2397 500 2471 πατρίκιοι,
521 2401 721 2472 καταλυομένην
740 2396 789 2465 τήν
808 2397 889 2453 δυνα·

137 2481 227 2536 στελαν
240 2485 287 2552 τῆς
299 2481 399 2553 βουλῆς
412 2480 534 2555 δρῶντες,
560 2481 605 2538 καὶ
628 2480 773 2553 λογισμούς
786 2473 836 2534 ούκ
850 2480 889 2539 ἔτι

137 2565 198 2628 τούς
211 2560 316 2633 αύτούς,
332 2561 535 2632 ἄλλ”έναντλους
549 2568 604 2629 τοῖς
617 2564 753 2643 προτέροις
766 2565 887 2639 ἐλάμβα-
