1890 2970
164 69 386 139 ANTIQVITAT
392 73 439 124 VM
452 71 586 125 ROMAN.
599 72 661 123 LIB.
675 73 717 123 [ΙΙ.
766 76 816 132 323

10 164 163 255 ἷζε-πολλήν
175 180 344 252 περιεβάλετο
358 179 438 244 λείαν,
460 180 534 234 πόλει
549 201 576 234 τε
602 175 690 235 αὐτῶν
718 175 817 236 Ὀὐελί-

10 268 13 309 ἶ
59 272 134 337 τροιις
146 267 406 338 προσκαθεζόμενος,
422 261 589 338 άπετάφρευε
603 264 649 318 καὶ
662 268 814 338 περιεγαρά·

10 388 12 393 -
33 396 36 407 ,
57 367 117 414 κου,
133 347 179 403 καὶ
193 351 362 421 τειχομαχίαν
375 350 487 405 συνίστα
500 351 531 404 τό
546 351 592 417 τῆς
606 347 745 421 ὑπαίθρου
763 352 815 404 λα-

10 464 12 469 ,
31 454 34 461 ·
58 431 122 488 βάν.
151 435 314 497 ἐξελθόντων
329 434 357 488 δὲ
371 435 420 490 οὐν
434 431 579 506 ἱκετηρίαις
593 435 645 488 τῶν
664 436 813 506 πρεσβυτά-

28 522 31 531 “
57 536 118 583 των,
135 516 181 572 καὶ
193 519 241 581 τάς
255 539 282 573 τε
295 520 402 591 βλάβας
415 517 550 574 διαλύσειν
570 516 756 591 ὑποσχομένων
781 517 815 581 ὡς

20 630 26 643 =
57 596 122 657 τίνα’
135 603 259 674 βασιλεὺς
272 605 410 677 δικαιώσῃ,
435 602 481 658 καί
502 603 563 667 τούς
588 604 694 671 ἐνόχους
721 599 814 664 αότοιῖς

58 685 104 742 ἐπὶ
117 684 194 755 δίκην
207 689 326 762 παρέξειν
340 686 551 761 ὁμολογούντων,
568 684 668 757 άνογιίς
681 689 747 762 πρὸς
761 683 811 742 αὖ·

57 772 122 836 τούς
136 773 323 847 ποιῃάμενσς,
340 772 385 827 καί
398 775 430 828 τά
445 771 536 827 δίκαια
550 766 613 846 παρ’
633 773 744 830 ἑκόντων
764 777 813 827 λα-

57 854 123 927 βὼν,
138 853 243 930 ελρήνην
256 858 302 913 καὶ
316 859 408 929 φιλίαν
422 858 592 913 συντίθεται.

123 938 211 998 XLII.
232 939 277 996 Ἕκ
292 941 320 996 δι’
333 942 381 997 τοῦ
396 941 522 1013 Σαβίνων
535 941 633 1005 ἔθνους
651 931 736 1006 αὖθις
760 940 813 996 ἕτε-

57 1025 104 1099 ροί
117 1045 192 1092 τινες,
208 1031 252 1096 τῆς
263 1021 397 1096 Ῥωμαίων
417 1021 493 1081 οάπω
517 1026 702 1099 πεπειραμένοι
729 1025 821 1091 δυνά·7

58 1117 135 1181 μεως,
149 1113 228 1167 πόλιν
242 1109 377 1174 οἰκοῦντες
390 1107 536 1183 εὐδαίμονα
549 1110 594 1166 καὶ
605 1111 830 1185 μεγάληνλγκακ.

21 1254 28 1259 ,
57 1197 114 1251 λεῖν
126 1195 175 1267 μὲν
185 1192 325 1269 Ῥωμαίοις
338 1192 417 1251 οὖδὲν
429 1195 541 1265 ἔχοντες,
562 1199 678 1266 φθονεῖν
705 1196 733 1250 δὲ
759 1200 814 1259 ταῖς

57 1275 193 1348 εὗτυγίαις
207 1277 427 1352 άναγκαζόμενοι,
440 1281 557 1352 μείζοσιν
570 1276 588 1348 ἢ
599 1280 668 1336 κατά
679 1282 760 1354 λόγον
773 1302 813 1352 γι-

57 1368 190 1436 νομέναις,
205 1363 347 1440 άνθρωποι
362 1364 445 1419 δεινοί
459 1365 491 1420 τά
505 1368 627 1437 πολέμια,
643 1366 674 1419 τό
687 1365 734 1434 μὲν
745 1366 814 1440 πρῶ·

58 1468 107 1502 τον
121 1445 176 1503 άπὸ
195 1452 341 1522 λῃστηρίων
362 1450 533 1523 καταδρομῆς
547 1448 636 1524 οἷγρῶν
649 1445 735 1524 ὀλίγοι
750 1468 812 1503 συν·

56 1533 183 1596 ελθόυτες
209 1529 332 1609 ἤρξαντο,
352 1534 440 1590 ἔπειτα
455 1534 635 1606 δελεαζόμενοι
657 1537 716 1596 ταῖς
740 1528 812 1603 όεφε-

55 1618 148 1682 λείαις,
163 1621 284 1693 φανεράν
303 1622 447 1675 ποιοῦνται
471 1620 613 1693 στρατείαν
638 1614 678 1673 ἐπ’
697 1613 812 1681 αὐτοῦς,

54 1701 163 1772 καὶτῆς
176 1703 280 1779 ὁμόρου
287 1705 580 1774 πολληνλεηλατοῖιντες
593 1704 730 1759 ἐκάκωσαν
740 1705 812 1768 ίσχυψ

55 1790 117 1862 ρῶς.
145 1784 178 1842 ου’
190 1791 243 1859 μην
256 1790 382 1862 ἐξεγένετό
396 1810 426 1863 γε
440 1785 532 1854 αὐτοῖς
543 1783 605 1844 οὔτε
619 1788 665 1850 τάς
685 1783 813 1858 ὠφελείας

56 1869 183 1944 άπάγειν,
198 1868 255 1927 οὔτ’
270 1871 374 1936 άθάιοις
387 1871 531 1929 άπελθεῖν·
564 1868 620 1928 ἀλλ’
642 1872 813 1946 ἐκβοηθήσας

57 1957 128 2013 κατά
139 1956 261 2027 σπουδὴν
274 1956 290 2012 δ
304 1960 354 2012 τῶν
364 1953 500 2029 Ῥωμαίων
512 1959 650 2030 βασιλεῦς,
677 1957 722 2012 καλ
741 1959 811 2026 πλη·

56 2043 119 2097 σίον
133 2044 177 2109 τῆς
190 2042 294 2095 ἐκείνων
307 2045 476 2116 παρεμβολῆς
489 2045 602 2113 θέμενος
627 2044 674 2096 τόν
696 2044 809 2115 χάρακα,

55 2127 204 2198 προελθεῖν
217 2121 314 2192 αὖτοὺς
326 2123 477 2200 ἠνάγκασεν
491 2124 526 2190 εἰς
539 2128 633 2198 μάχην.
648 2128 750 2199 ἐγίνετο
763 2125 811 2194 μὲν

56 2200 109 2267 σάν
120 2213 204 2284 μέγας
217 2207 298 2283 άγών,
313 2210 358 2266 καί
372 2211 466 2266 πολλοὶ
479 2206 541 2285 παρ’
569 2208 725 2284 ἀμφοτέρων
751 2209 811 2264 ἕπε-

54 2315 124 2353 σον·
146 2296 296 2370 ἐκράτησαν
309 2295 337 2351 δι’
347 2291 475 2370 Ῥωμαῖοι
489 2297 558 2350 κατά
577 2296 608 2349 τό
635 2293 758 2368 ἔμπειρόν
785 2313 811 2346 τε

54 2379 103 2437 καί
115 2380 272 2454 φερέπονοι,
287 2367 323 2435 ὧν
338 2381 435 2445 ἐθάδες
459 2367 527 2448 ἦσαν
553 2383 581 2434 ἐκ
607 2382 740 2444 πλείστου,
767 2376 811 2431 καί

56 2469 236 2543 περιεγίνοντο
251 2468 325 2542 παρά
339 2466 408 2522 πολά
422 2467 473 2521 τῶν
487 2465 622 2536 Σαβίνων,
636 2467 692 2527 τοῖς
706 2484 733 2518 τε
747 2461 810 2533 φεί-

55 2569 150 2605 νουσιν
162 2547 249 2607 αὐτῶν
260 2550 302 2606 ἐπί
317 2554 364 2607 τόν
375 2551 483 2623 χάρακα
496 2549 612 2625 σποράσι
633 2548 677 2603 καί
695 2545 809 2603 οἷουντά1

584 2630 634 2683 Χτ
