1890 2970
137 128 173 181 66
250 118 408 170 DIONYSII
426 115 769 172 HALIGARNASSENSIS

136 225 182 281 καλ
194 227 243 296 τήν
251 225 419 331 Σατορνίαν,
434 223 503 282 ἔνθα
515 227 732 296 Πελοποννήσιοί
744 247 771 282 τε
785 248 834 282 και
819 221 888 328 Ἄρ
936 266 939 271 -

137 309 258 375 κάόες
228 331 276 379 την
290 311 396 385 πρώτην
409 312 515 380 οίκησιν
539 312 712 381 ἐποιήσαντο,
738 309 786 368 καλ
812 332 847 380 ην
859 309 899 368 ετε
937 320 939 325 “

136 390 177 450 ε’τι
191 390 280 451 οὔτῶν
294 389 436 471 ζὼπυρα”
414 417 484 451 αττα
497 397 701 471 περιλειπόμενα
713 397 764 453 τοῦ
777 399 898 453 παλαιοῦ

135 482 240 554 γόνους,
268 477 397 545 οἰκίζουσι
410 480 473 545 τοὺς
485 481 602 548 τόπους,
629 484 834 557 περιβάλλοντες
844 481 897 537 τεί·

135 586 191 636 γεσι
203 566 235 620 τό
249 561 451 632 Παλάντιον,”
431 585 495 621 ωστε
508 567 602 638 λαβεῖν
620 571 709 639 σχῆμα
726 568 826 630 πόλεως
837 567 898 623 τότε

135 652 249 726 πρῶτον.
242 650 387 706 ,τίθενται
400 648 471 724 όὲτῷ
483 645 744 724 κτίσματιΡώμην”
727 672 824 753 ονομα,
838 647 897 707 οἷπό
937 662 939 667 “

136 757 185 791 τον
169 735 394 799 Ηστείλαντος
364 755 412 803 την
427 732 557 790 ἀποικίαν
566 731 745 809 Ῥωμάλου,“
729 756 759 800 ος
770 724 806 806 ἦν
817 732 898 808 ἕβόσ·

135 842 185 885 αος
198 840 243 876 και
234 816 397 883 δικάσας’
378 815 423 874 απ’
443 816 551 876 Αἶνείσυ
570 819 691 927 γεγονός
718 817 855 895 βοίλομαι
866 819 897 876 όε

136 905 183 961 καλ
195 925 255 979 περι
268 909 315 973 τῆς
327 901 436 961 Αἰνείου
455 907 607 980 παρουσίας
625 903 661 971 τίς
676 901 809 972 Ἰταλίαν,
837 904 895 961 όττελ

135 991 187 1045 τῶν
213 992 388 1065 συγγραφέων
413 993 469 1053 τοῖς
492 991 540 1063 μὲν
555 987 698 1063 ἠγνόηται,
724 993 782 1055 τοῖς
795 989 824 1045 ds·
838 988 896 1044 όιε-

135 1075 275 1147 φθόνηται
300 1073 391 1151 όπερὶ
404 1069 490 1130 αὗτοῖν
502 1076 588 1148 λόγος
610 1076 647 1146 μή
668 1075 805 1150 παρέργως
827 1072 897 1130 όιελ-

136 1163 209 1225 θειν,
223 1160 271 1222 τάς
284 1160 373 1215 τετῶν
393 1154 524 1228 Ἑλλήνων
549 1159 660 1214 καὶτῶν
682 1155 821 1231 Ῥωμαίων
842 1161 894 1215 τάν

138 1245 253 1318 μάλιστα
278 1246 473 1318 πιστευομένων
499 1241 618 1341 ἱστορίας
644 1242 860 1321 πυραλαβάεν.’Ι
844 1265 894 1312 εχει

138 1329 208 1384 όὲ
177 1350 210 1383 τα
224 1326 284 1400 περί
298 1325 384 1384 αὐτου
369 1329 525 1401 ”λεγόμενα
537 1311 595 1384 ωόε.

201 1410 306 1469 XLVI.
328 1408 409 1467 Ἰλίου
433 1410 654 1486 κρατηθέντος
641 1405 686 1468 υπ’
698 1405 820 1481 Ἀχαιῶν,
846 1415 896 1469 εἴτε

136 1519 185 1552 του
170 1497 313 1574 ”όουριόυ
323 1496 454 1552 λιττεου”
421 1517 453 1569 τη
468 1493 566 1570 άπάτῃ,
580 1496 614 1560 ὧς
624 1491 730 1570 Ὁμήρῳ
742 1498 894 1567 πεποίηται,

138 1583 188 1636 εἴτε
201 1581 235 1654 τῇ
246 1581 383 1654 προόοσίιμ
396 1583 448 1635 τῶν
458 1577 657 1654 Ἀντηνοριδῶν,
673 1583 725 1636 εἴτε
736 1574 819 1645 άλλως
831 1603 894 1648 πως,

139 1667 170 1720 τό
183 1661 306 1738 μὲνάλλο
317 1668 423 1735 πλῆθος
436 1670 464 1721 ἐν
476 1666 510 1739 τῇ
524 1667 599 1721 πόλει
616 1665 896 1740 Τρωϊκόντεκαλσυμ-

139 1751 253 1823 μαχικόν
277 1752 305 1802 ἐν
319 1753 377 1812 ταῖς
390 1745 480 1813 εὐναῖς
490 1749 528 1804 ἔτι
541 1752 816 1825 καταλαμβανόμενον
830 1754 895 1819 ἐφο·

138 1833 235 1888 νεάετο.
250 1835 344 1910 νυκτός
356 1835 408 1907 γάρ
422 1837 452 1890 τό
464 1833 722 1907 όιινόνάφυλάκτοις
733 1829 827 1899 αὗτοῖς
839 1838 896 1889 ε’πι-

137 1921 231 1986 στῆναι
245 1914 337 1972 ἴοωιεν.
367 1915 473 1981 Αἰνείας
486 1918 514 1972 δὲ
528 1919 574 1974 καλ
593 1918 621 1974 οἱ
633 1925 635 1932 “
646 1920 697 1975 σάν
710 1915 783 1991 αὐτῷ’
795 1921 896 1994 παρόν-

136 2022 177 2066 τες
192 1997 314 2058 Ἰλιεῖνσιν
332 2004 472 2079 ἐπίκουροι
494 2006 580 2078 Τρῶες
592 2008 620 2060 ἐκ
640 2004 787 2074 Δαρδάνου
798 2024 830 2058 τε
842 2005 895 2058 τιό-

136 2090 199 2150 λεως
223 2082 433 2163 καλὌφρυνίου,
462 2088 511 2142 τῶν
524 2108 552 2143 τε
572 2082 657 2143 ἄλλων
680 2084 742 2144 ὅσοι
755 2090 800 2156 τῆς
825 2088 896 2144 κάτω

136 2173 236 2238 πόλεως
250 2169 425 2244 ἁλισκομένης
438 2171 567 2277 ἔφθασαν
583 2175 715 2242 αἴσθησιν
735 2174 785 2228 τοῦ
806 2171 896 2227 όεινοῖν

136 2259 236 2328 λαβειν,
251 2255 334 2312 ότιίτά
348 2259 463 2332 καρτερά
476 2277 524 2312 του
539 2259 688 2333 Περγάμου
701 2259 894 2330 συμφυγόντες,

135 2344 183 2410 τήν
197 2339 351 2444 άκρόπολιν
358 2340 417 2416 ίόίῳ
420 2343 514 2446 τείγει
528 2344 734 2418 φρουρουμένην
760 2345 897 2412 καταλαμ·

136 2428 278 2497 βάνονται,
292 2414 351 2483 όν
333 2449 349 2501 ῃ
361 2426 407 2483 καί
420 2425 478 2502 ἱερά
492 2428 525 2481 τά
539 2425 650 2502 πατρῷα
663 2431 720 2491 τοῖς
737 2427 841 2502 Τρωσὶν
851 2447 894 2494 ην,

136 2511 181 2564 καί
190 2513 335 2584 γρημάτων
349 2512 366 2566 ό
378 2513 462 2578 πολὺς
475 2512 599 2578 πλοῦτος,
613 2504 660 2566 οἷα
673 2508 741 2574 εἰκός
760 2515 787 2566 ἐν
800 2513 897 2612 ἐιχυροῗ

115 2591 167 2643 καί
177 2596 231 2648 τοῦ
240 2601 446 2672 στρατιωτικοῦ
461 2601 491 2658 τό
521 2600 686 2680 κράτιστον·
711 2592 817 2653 ενθα
807 2593 913 2661 υπορὶ-
