<?xml version="1.0" encoding="UTF-8"?>
<!DOCTYPE html PUBLIC "-//W3C//DTD XHTML 1.0 Transitional//EN"
    "http://www.w3.org/TR/xhtml1/DTD/xhtml1-transitional.dtd">
<html xmlns="http://www.w3.org/1999/xhtml" xml:lang="en" lang="en">
 <head>
  <title>
</title>
<meta http-equiv="Content-Type" content="text/html;charset=utf-8" />
  <meta name='ocr-system' content='tesseract 3.04.00' />
  <meta name='ocr-capabilities' content='ocr_page ocr_carea ocr_par ocr_line ocrx_word'/>
</head>
<body>
  <div class='ocr_page' id='page_1' title='image "./operaomnia00diongoog_0368.png"; bbox 0 0 1890 2970; ppageno 0'>
   <div class='ocr_carea' id='block_1_1' title="bbox 142 97 783 160">
    <p class='ocr_par' dir='ltr' id='par_1_1' title="bbox 142 97 783 160">
     <span class='ocr_line' id='line_1_1' title="bbox 142 97 783 160; baseline -0.016 0"><span class='ocrx_word' id='word_1_1' title='bbox 142 105 192 160; x_wconf 77' lang='lat'><strong><em>308</em></strong></span> <span class='ocrx_word' id='word_1_2' title='bbox 259 98 420 154; x_wconf 83' lang='lat' dir='ltr'>DIONYSII</span> <span class='ocrx_word' id='word_1_3' title='bbox 436 97 783 153; x_wconf 77' lang='lat' dir='ltr'><strong>HALIGARNASSENSIS</strong></span> 
     </span>
    </p>
   </div>
   <div class='ocr_carea' id='block_1_2' title="bbox 120 201 937 2661">
    <p class='ocr_par' dir='ltr' id='par_1_2' title="bbox 120 201 937 1217">
     <span class='ocr_line' id='line_1_2' title="bbox 141 201 901 284; baseline 0 -22"><span class='ocrx_word' id='word_1_4' title='bbox 141 209 185 283; x_wconf 94' lang='grc' dir='ltr'><strong><em>ροί</em></strong></span> <span class='ocrx_word' id='word_1_5' title='bbox 198 228 225 264; x_wconf 85' lang='grc' dir='ltr'><strong><em>τε</em></strong></span> <span class='ocrx_word' id='word_1_6' title='bbox 242 205 288 264; x_wconf 78' lang='grc' dir='ltr'><strong><em>καί</em></strong></span> <span class='ocrx_word' id='word_1_7' title='bbox 299 208 462 284; x_wconf 70' lang='grc' dir='ltr'><strong><em>χειροτέχναι</em></strong></span> <span class='ocrx_word' id='word_1_8' title='bbox 487 206 534 264; x_wconf 83' lang='grc' dir='ltr'><strong><em>καί</em></strong></span> <span class='ocrx_word' id='word_1_9' title='bbox 557 205 677 282; x_wconf 83' lang='grc' dir='ltr'><strong><em>μεωρμοί,</em></strong></span> <span class='ocrx_word' id='word_1_10' title='bbox 694 204 794 283; x_wconf 81' lang='grc' dir='ltr'><strong><em>άμοροί</em></strong></span> <span class='ocrx_word' id='word_1_11' title='bbox 812 224 841 259; x_wconf 86' lang='grc' dir='ltr'><strong><em>τε</em></strong></span> <span class='ocrx_word' id='word_1_12' title='bbox 854 201 901 262; x_wconf 62' lang='grc' dir='ltr'><strong><em>σόα</em></strong></span> 
     </span>
     <span class='ocr_line' id='line_1_3' title="bbox 120 287 902 368; baseline -0.004 -20"><span class='ocrx_word' id='word_1_13' title='bbox 120 292 121 299; x_wconf 58' lang='lat'><em>&#39;</em></span> <span class='ocrx_word' id='word_1_14' title='bbox 143 296 207 350; x_wconf 75' lang='grc' dir='ltr'><strong><em>τόθι</em></strong></span> <span class='ocrx_word' id='word_1_15' title='bbox 234 296 425 368; x_wconf 83' lang='grc' dir='ltr'><strong><em>λαμπρόταται</em></strong></span> <span class='ocrx_word' id='word_1_16' title='bbox 449 295 541 350; x_wconf 80' lang='grc' dir='ltr'><strong><em>τῶνίν</em></strong></span> <span class='ocrx_word' id='word_1_17' title='bbox 557 287 647 356; x_wconf 73' lang='grc' dir='ltr'><strong><em>ἄλλοις</em></strong></span> <span class='ocrx_word' id='word_1_18' title='bbox 671 290 726 348; x_wconf 86' lang='grc' dir='ltr'><strong><em>τισί</em></strong></span> <span class='ocrx_word' id='word_1_19' title='bbox 749 291 844 356; x_wconf 91' lang='grc' dir='ltr'><strong><em>τόποις</em></strong></span> <span class='ocrx_word' id='word_1_20' title='bbox 857 295 902 362; x_wconf 78' lang='grc' dir='ltr'><strong><em>τῆς</em></strong></span> 
     </span>
     <span class='ocr_line' id='line_1_4' title="bbox 141 374 904 453; baseline -0.004 -19"><span class='ocrx_word' id='word_1_21' title='bbox 141 374 253 443; x_wconf 82' lang='grc' dir='ltr'><strong><em>Ἰταλίας</em></strong></span> <span class='ocrx_word' id='word_1_22' title='bbox 272 375 410 453; x_wconf 83' lang='grc' dir='ltr'><strong><em>άμσμίνων</em></strong></span> <span class='ocrx_word' id='word_1_23' title='bbox 423 379 553 452; x_wconf 77' lang='grc' dir='ltr'><strong><em>ἐγίνοντο.</em></strong></span> <span class='ocrx_word' id='word_1_24' title='bbox 567 375 604 443; x_wconf 86' lang='grc' dir='ltr'><strong><em>είς</em></strong></span> <span class='ocrx_word' id='word_1_25' title='bbox 614 377 717 447; x_wconf 87' lang='grc' dir='ltr'><strong><em>ταότην</em></strong></span> <span class='ocrx_word' id='word_1_26' title='bbox 730 376 759 431; x_wconf 76' lang='grc' dir='ltr'><strong><em>δὲ</em></strong></span> <span class='ocrx_word' id='word_1_27' title='bbox 772 377 821 446; x_wconf 80' lang='grc' dir='ltr'><strong><em>την</em></strong></span> <span class='ocrx_word' id='word_1_28' title='bbox 834 396 904 432; x_wconf 78' lang='grc' dir='ltr'><strong><em>παν·</em></strong></span> 
     </span>
     <span class='ocr_line' id='line_1_5' title="bbox 142 456 903 539; baseline -0.003 -21"><span class='ocrx_word' id='word_1_29' title='bbox 142 460 253 539; x_wconf 78' lang='grc' dir='ltr'><strong><em>ἡμυριν’</em></strong></span> <span class='ocrx_word' id='word_1_30' title='bbox 262 466 396 529; x_wconf 77' lang='grc' dir='ltr'><strong><em>ἐλθόντας</em></strong></span> <span class='ocrx_word' id='word_1_31' title='bbox 408 465 474 520; x_wconf 81' lang='grc' dir='ltr'><strong><em>ποτε1</em></strong></span> <span class='ocrx_word' id='word_1_32' title='bbox 484 459 621 535; x_wconf 81' lang='grc' dir='ltr'><strong><em>Ῥωμαίων</em></strong></span> <span class='ocrx_word' id='word_1_33' title='bbox 642 458 743 536; x_wconf 79' lang='grc' dir='ltr'><strong><em>ἄνδρας</em></strong></span> <span class='ocrx_word' id='word_1_34' title='bbox 761 456 811 516; x_wconf 75' lang='grc' dir='ltr'><strong><em>οῦκ</em></strong></span> <span class='ocrx_word' id='word_1_35' title='bbox 825 457 903 534; x_wconf 78' lang='grc' dir='ltr'><strong><em>άφα.</em></strong></span> 
     </span>
     <span class='ocr_line' id='line_1_6' title="bbox 144 544 903 625; baseline -0.003 -21"><span class='ocrx_word' id='word_1_36' title='bbox 144 553 195 611; x_wconf 82' lang='grc' dir='ltr'><strong><em>νεῖς</em></strong></span> <span class='ocrx_word' id='word_1_37' title='bbox 208 550 327 622; x_wconf 84' lang='grc' dir='ltr'><strong><em>Σαβῖνοί</em></strong></span> <span class='ocrx_word' id='word_1_38' title='bbox 352 570 421 614; x_wconf 87' lang='grc' dir='ltr'><strong><em>τινες</em></strong></span> <span class='ocrx_word' id='word_1_39' title='bbox 440 544 536 625; x_wconf 77' lang='grc' dir='ltr'><strong><em>ἄνδρες</em></strong></span> <span class='ocrx_word' id='word_1_40' title='bbox 560 551 780 623; x_wconf 75' lang='grc' dir='ltr'><strong><em>συναρπάσαντες</em></strong></span> <span class='ocrx_word' id='word_1_41' title='bbox 797 545 903 617; x_wconf 76' lang='grc' dir='ltr'><strong><em>ἔδησαν,</em></strong></span> 
     </span>
     <span class='ocr_line' id='line_1_7' title="bbox 145 629 903 708; baseline -0.007 -18"><span class='ocrx_word' id='word_1_42' title='bbox 145 633 190 690; x_wconf 87' lang='grc' dir='ltr'><strong><em>καὶ</em></strong></span> <span class='ocrx_word' id='word_1_43' title='bbox 202 635 237 688; x_wconf 87' lang='grc' dir='ltr'><strong><em>τά</em></strong></span> <span class='ocrx_word' id='word_1_44' title='bbox 247 634 371 708; x_wconf 74' lang='grc' dir='ltr'><strong><em>χρήματα</em></strong></span> <span class='ocrx_word' id='word_1_45' title='bbox 385 633 537 706; x_wconf 85' lang='grc' dir='ltr'><strong><em>άφείλσντσ.</em></strong></span> <span class='ocrx_word' id='word_1_46' title='bbox 563 634 707 708; x_wconf 70' lang='grc' dir='ltr'><strong><em>πρεσβείας</em></strong></span> <span class='ocrx_word' id='word_1_47' title='bbox 726 653 753 687; x_wconf 89' lang='grc' dir='ltr'><strong><em>τε</em></strong></span> <span class='ocrx_word' id='word_1_48' title='bbox 772 629 903 705; x_wconf 73' lang='grc' dir='ltr'><strong><em>άφικομὲ-</em></strong></span> 
     </span>
     <span class='ocr_line' id='line_1_8' title="bbox 145 715 903 793; baseline -0.003 -19"><span class='ocrx_word' id='word_1_49' title='bbox 145 741 190 790; x_wconf 86' lang='grc' dir='ltr'><strong><em>νης</em></strong></span> <span class='ocrx_word' id='word_1_50' title='bbox 202 717 262 792; x_wconf 86' lang='grc' dir='ltr'><strong><em>περὶ</em></strong></span> <span class='ocrx_word' id='word_1_51' title='bbox 275 715 371 788; x_wconf 78' lang='grc' dir='ltr'><strong><em>αὐτῶν,</em></strong></span> <span class='ocrx_word' id='word_1_52' title='bbox 397 715 475 775; x_wconf 79' lang='grc' dir='ltr'><strong><em>οὐδὲν</em></strong></span> <span class='ocrx_word' id='word_1_53' title='bbox 488 718 632 793; x_wconf 78' lang='grc' dir='ltr'><strong><em>ἐβούλοντο</em></strong></span> <span class='ocrx_word' id='word_1_54' title='bbox 651 722 702 772; x_wconf 83' lang='grc' dir='ltr'><strong><em>τῶν</em></strong></span> <span class='ocrx_word' id='word_1_55' title='bbox 720 716 830 772; x_wconf 87' lang='grc' dir='ltr'><strong><em>δικαίων</em></strong></span> <span class='ocrx_word' id='word_1_56' title='bbox 843 737 903 772; x_wconf 88' lang='grc' dir='ltr'><strong><em>ποι-</em></strong></span> 
     </span>
     <span class='ocr_line' id='line_1_9' title="bbox 145 801 903 908; baseline -0.001 -49"><span class='ocrx_word' id='word_1_57' title='bbox 145 809 194 872; x_wconf 78' lang='grc' dir='ltr'><strong><em>εῖν,</em></strong></span> <span class='ocrx_word' id='word_1_58' title='bbox 210 801 278 860; x_wconf 88' lang='grc' dir='ltr'><strong><em>άλλά</em></strong></span> <span class='ocrx_word' id='word_1_59' title='bbox 292 802 336 859; x_wconf 84' lang='grc' dir='ltr'><strong><em>καί</em></strong></span> <span class='ocrx_word' id='word_1_60' title='bbox 350 807 384 859; x_wconf 87' lang='grc' dir='ltr'><strong><em>τά</em></strong></span> <span class='ocrx_word' id='word_1_61' title='bbox 397 805 509 876; x_wconf 81' lang='grc' dir='ltr'><strong><em>σώματα</em></strong></span> <span class='ocrx_word' id='word_1_62' title='bbox 522 801 568 859; x_wconf 84' lang='grc' dir='ltr'><strong><em>καί</em></strong></span> <span class='ocrx_word' id='word_1_63' title='bbox 582 806 615 858; x_wconf 87' lang='grc' dir='ltr'><strong><em>τά</em></strong></span> <span class='ocrx_word' id='word_1_64' title='bbox 626 804 751 908; x_wconf 70' lang='grc' dir='ltr'><strong><em>χρήματα</em></strong></span> <span class='ocrx_word' id='word_1_65' title='bbox 766 804 816 857; x_wconf 84' lang='grc' dir='ltr'><strong><em>τῶν</em></strong></span> <span class='ocrx_word' id='word_1_66' title='bbox 837 804 903 858; x_wconf 86' lang='grc' dir='ltr'><strong><em>συλ-</em></strong></span> 
     </span>
     <span class='ocr_line' id='line_1_10' title="bbox 144 881 903 964; baseline -0.003 -20"><span class='ocrx_word' id='word_1_67' title='bbox 144 891 302 961; x_wconf 74' lang='grc' dir='ltr'><strong><em>ληφθέντων</em></strong></span> <span class='ocrx_word' id='word_1_68' title='bbox 316 893 446 960; x_wconf 79' lang='grc' dir='ltr'><strong><em>κατεῖχον,</em></strong></span> <span class='ocrx_word' id='word_1_69' title='bbox 461 891 633 964; x_wconf 73' lang='grc' dir='ltr'><strong><em>ἐγκαλοῦντες</em></strong></span> <span class='ocrx_word' id='word_1_70' title='bbox 646 887 692 943; x_wconf 87' lang='grc' dir='ltr'><strong><em>καί</em></strong></span> <span class='ocrx_word' id='word_1_71' title='bbox 705 883 783 943; x_wconf 80' lang='grc' dir='ltr'><strong><em>αὐτοι</em></strong></span> <span class='ocrx_word' id='word_1_72' title='bbox 774 881 903 961; x_wconf 70' lang='grc' dir='ltr'><strong><em>Ῥωμαί-</em></strong></span> 
     </span>
     <span class='ocr_line' id='line_1_11' title="bbox 147 969 904 1047; baseline -0.003 -18"><span class='ocrx_word' id='word_1_73' title='bbox 147 994 191 1042; x_wconf 91' lang='grc' dir='ltr'><strong><em>οις,</em></strong></span> <span class='ocrx_word' id='word_1_74' title='bbox 206 969 247 1028; x_wconf 84' lang='grc' dir='ltr'><strong><em>ὅτι</em></strong></span> <span class='ocrx_word' id='word_1_75' title='bbox 260 975 322 1038; x_wconf 83' lang='grc' dir='ltr'><strong><em>τοὺς</em></strong></span> <span class='ocrx_word' id='word_1_76' title='bbox 336 976 462 1047; x_wconf 79' lang='grc' dir='ltr'><strong><em>Σαβίνων</em></strong></span> <span class='ocrx_word' id='word_1_77' title='bbox 481 973 607 1045; x_wconf 78' lang='grc' dir='ltr'><strong><em>φυγάδας</em></strong></span> <span class='ocrx_word' id='word_1_78' title='bbox 641 971 799 1042; x_wconf 78' lang='grc' dir='ltr'><strong><em>ὑπεδέχοντο</em></strong></span> <span class='ocrx_word' id='word_1_79' title='bbox 821 992 904 1028; x_wconf 88' lang='grc' dir='ltr'><strong><em>κατα-</em></strong></span> 
     </span>
     <span class='ocr_line' id='line_1_12' title="bbox 147 1045 937 1132; baseline -0.003 -19"><span class='ocrx_word' id='word_1_80' title='bbox 147 1060 321 1122; x_wconf 76' lang='grc' dir='ltr'><strong><em>σκευάσαντες</em></strong></span> <span class='ocrx_word' id='word_1_81' title='bbox 344 1053 446 1115; x_wconf 87' lang='grc' dir='ltr'><strong><em>άουλον</em></strong></span> <span class='ocrx_word' id='word_1_82' title='bbox 472 1057 579 1132; x_wconf 78' lang='grc' dir='ltr'><strong><em>ἱερὸν,</em></strong></span> <span class='ocrx_word' id='word_1_83' title='bbox 566 1059 677 1131; x_wconf 84' lang='grc' dir='ltr'><strong><em>υπέρυυ</em></strong></span> <span class='ocrx_word' id='word_1_84' title='bbox 666 1045 770 1112; x_wconf 67' lang='lat' dir='ltr'><strong><em>“3r</em></strong></span> <span class='ocrx_word' id='word_1_85' title='bbox 733 1079 768 1112; x_wconf 84' lang='grc' dir='ltr'><strong><em>τω</em></strong></span> <span class='ocrx_word' id='word_1_86' title='bbox 782 1059 904 1131; x_wconf 75' lang='grc' dir='ltr'><strong><em>προτέρῳ</em></strong></span> <span class='ocrx_word' id='word_1_87' title='bbox 934 1050 937 1061; x_wconf 81' lang='grc'><strong>’</strong></span> 
     </span>
     <span class='ocr_line' id='line_1_13' title="bbox 147 1139 904 1217; baseline -0.005 -18"><span class='ocrx_word' id='word_1_88' title='bbox 147 1145 216 1217; x_wconf 62' lang='grc' dir='ltr'><strong><em>λόχῳ</em></strong></span> <span class='ocrx_word' id='word_1_89' title='bbox 231 1143 376 1212; x_wconf 75' lang='grc' dir='ltr'><strong><em>δεδήλωταί</em></strong></span> <span class='ocrx_word' id='word_1_90' title='bbox 394 1165 451 1217; x_wconf 91' lang='grc' dir='ltr'><strong><em>μοι</em></strong></span> <span class='ocrx_word' id='word_1_91' title='bbox 479 1147 509 1199; x_wconf 77' lang='grc' dir='ltr'><strong><em>ἐκ</em></strong></span> <span class='ocrx_word' id='word_1_92' title='bbox 529 1141 631 1200; x_wconf 84' lang='grc' dir='ltr'><strong><em>τοὺτων</em></strong></span> <span class='ocrx_word' id='word_1_93' title='bbox 650 1139 733 1196; x_wconf 72' lang='grc' dir='ltr'><strong><em>’δὲ’</em></strong></span> <span class='ocrx_word' id='word_1_94' title='bbox 699 1162 750 1197; x_wconf 91' lang='grc' dir='ltr'><strong><em>των</em></strong></span> <span class='ocrx_word' id='word_1_95' title='bbox 769 1143 904 1213; x_wconf 75' lang='grc' dir='ltr'><strong><em>ἐγκλημά-</em></strong></span> 
     </span>
    </p>

    <p class='ocr_par' dir='ltr' id='par_1_3' title="bbox 146 1221 905 1975">
     <span class='ocr_line' id='line_1_14' title="bbox 149 1221 905 1302; baseline 0 -20"><span class='ocrx_word' id='word_1_96' title='bbox 149 1248 198 1282; x_wconf 88' lang='grc' dir='ltr'><strong><em>των</em></strong></span> <span class='ocrx_word' id='word_1_97' title='bbox 211 1224 248 1292; x_wconf 80' lang='grc' dir='ltr'><strong><em>τίς</em></strong></span> <span class='ocrx_word' id='word_1_98' title='bbox 260 1231 376 1300; x_wconf 88' lang='grc' dir='ltr'><strong><em>πόλεμον</em></strong></span> <span class='ocrx_word' id='word_1_99' title='bbox 390 1230 574 1295; x_wconf 88' lang='grc' dir='ltr'><strong><em>καταστάντες,</em></strong></span> <span class='ocrx_word' id='word_1_100' title='bbox 589 1223 738 1302; x_wconf 73' lang='grc' dir='ltr'><strong><em>ίξῄεσαν’</em></strong></span> <span class='ocrx_word' id='word_1_101' title='bbox 716 1247 751 1289; x_wconf 87' lang='grc' dir='ltr'><strong><em>εις</em></strong></span> <span class='ocrx_word' id='word_1_102' title='bbox 764 1221 905 1300; x_wconf 79' lang='grc' dir='ltr'><strong><em>δπαιθρον</em></strong></span> 
     </span>
     <span class='ocr_line' id='line_1_15' title="bbox 149 1309 905 1388; baseline 0 -22"><span class='ocrx_word' id='word_1_103' title='bbox 149 1312 278 1386; x_wconf 86' lang='grc' dir='ltr'><strong><em>δυνάμεσι</em></strong></span> <span class='ocrx_word' id='word_1_104' title='bbox 293 1316 410 1382; x_wconf 81' lang='grc' dir='ltr'><strong><em>πολλαῖς,</em></strong></span> <span class='ocrx_word' id='word_1_105' title='bbox 424 1313 528 1388; x_wconf 81' lang='grc' dir='ltr'><strong><em>μίνετσιί</em></strong></span> <span class='ocrx_word' id='word_1_106' title='bbox 540 1334 568 1367; x_wconf 88' lang='grc' dir='ltr'><strong><em>τε</em></strong></span> <span class='ocrx_word' id='word_1_107' title='bbox 587 1309 675 1368; x_wconf 79' lang='grc' dir='ltr'><strong><em>αὐτῶν</em></strong></span> <span class='ocrx_word' id='word_1_108' title='bbox 692 1315 722 1368; x_wconf 74' lang='grc' dir='ltr'><strong><em>ἐκ</em></strong></span> <span class='ocrx_word' id='word_1_109' title='bbox 735 1312 905 1386; x_wconf 80' lang='grc' dir='ltr'><strong><em>παρατάξεως</em></strong></span> 
     </span>
     <span class='ocr_line' id='line_1_16' title="bbox 148 1394 904 1472; baseline -0.003 -21"><span class='ocrx_word' id='word_1_110' title='bbox 148 1395 233 1472; x_wconf 82' lang='grc' dir='ltr'><strong><em>άμών·</em></strong></span> <span class='ocrx_word' id='word_1_111' title='bbox 261 1397 380 1470; x_wconf 73' lang='grc' dir='ltr'><strong><em>διέμενον</em></strong></span> <span class='ocrx_word' id='word_1_112' title='bbox 392 1402 445 1472; x_wconf 83' lang='grc' dir='ltr'><strong><em>μάρ</em></strong></span> <span class='ocrx_word' id='word_1_113' title='bbox 459 1396 620 1472; x_wconf 83' lang='grc' dir='ltr'><strong><em>άμχωμόλως</em></strong></span> <span class='ocrx_word' id='word_1_114' title='bbox 634 1395 838 1470; x_wconf 74' lang='grc' dir='ltr'><strong><em>ἀγωνιζόμενοι·</em></strong></span> <span class='ocrx_word' id='word_1_115' title='bbox 858 1394 904 1451; x_wconf 85' lang='grc' dir='ltr'><strong><em>καί</em></strong></span> 
     </span>
     <span class='ocr_line' id='line_1_17' title="bbox 148 1480 904 1558; baseline -0.004 -20"><span class='ocrx_word' id='word_1_116' title='bbox 148 1481 313 1552; x_wconf 75' lang='grc' dir='ltr'><strong><em>διελύθησαν</em></strong></span> <span class='ocrx_word' id='word_1_117' title='bbox 328 1482 380 1538; x_wconf 80' lang='grc' dir='ltr'><strong><em>ὖπό</em></strong></span> <span class='ocrx_word' id='word_1_118' title='bbox 394 1486 439 1552; x_wconf 78' lang='grc' dir='ltr'><strong><em>τῆς</em></strong></span> <span class='ocrx_word' id='word_1_119' title='bbox 453 1484 561 1551; x_wconf 67' lang='grc' dir='ltr'><strong><em>νυκτός,</em></strong></span> <span class='ocrx_word' id='word_1_120' title='bbox 578 1480 730 1558; x_wconf 85' lang='grc' dir='ltr'><strong><em>άμφίλομον</em></strong></span> <span class='ocrx_word' id='word_1_121' title='bbox 743 1482 904 1539; x_wconf 84' lang='grc' dir='ltr'><strong><em>καταλιπόν·</em></strong></span> 
     </span>
     <span class='ocr_line' id='line_1_18' title="bbox 147 1562 897 1642; baseline -0.004 -20"><span class='ocrx_word' id='word_1_122' title='bbox 147 1588 187 1632; x_wconf 89' lang='grc' dir='ltr'><strong><em>τες</em></strong></span> <span class='ocrx_word' id='word_1_123' title='bbox 198 1570 228 1623; x_wconf 89' lang='grc' dir='ltr'><strong><em>τό</em></strong></span> <span class='ocrx_word' id='word_1_124' title='bbox 242 1570 348 1639; x_wconf 88' lang='grc' dir='ltr'><strong><em>νίκημα.</em></strong></span> <span class='ocrx_word' id='word_1_125' title='bbox 373 1572 432 1631; x_wconf 82' lang='grc' dir='ltr'><strong><em>ταῖς</em></strong></span> <span class='ocrx_word' id='word_1_126' title='bbox 453 1562 476 1622; x_wconf 72' lang='grc' dir='ltr'><strong><em>δ’</em></strong></span> <span class='ocrx_word' id='word_1_127' title='bbox 497 1572 553 1638; x_wconf 79' lang='grc' dir='ltr'><strong><em>ἑξῆς</em></strong></span> <span class='ocrx_word' id='word_1_128' title='bbox 565 1562 675 1642; x_wconf 75' lang='grc' dir='ltr'><strong><em>ἡμέραις</em></strong></span> <span class='ocrx_word' id='word_1_129' title='bbox 691 1567 827 1640; x_wconf 80' lang='grc' dir='ltr'><strong><em>μαθόντες</em></strong></span> <span class='ocrx_word' id='word_1_130' title='bbox 847 1562 897 1638; x_wconf 91' lang='grc' dir='ltr'><strong><em>άμ-</em></strong></span> 
     </span>
     <span class='ocr_line' id='line_1_19' title="bbox 146 1651 902 1728; baseline -0.004 -20"><span class='ocrx_word' id='word_1_131' title='bbox 146 1654 256 1726; x_wconf 85' lang='grc' dir='ltr'><strong><em>φότεροι</em></strong></span> <span class='ocrx_word' id='word_1_132' title='bbox 269 1655 320 1708; x_wconf 84' lang='grc' dir='ltr'><strong><em>τῶν</em></strong></span> <span class='ocrx_word' id='word_1_133' title='bbox 334 1673 361 1707; x_wconf 86' lang='grc' dir='ltr'><strong><em>τε</em></strong></span> <span class='ocrx_word' id='word_1_134' title='bbox 372 1651 546 1709; x_wconf 87' lang='grc' dir='ltr'><strong><em>άπολωλιίτων</em></strong></span> <span class='ocrx_word' id='word_1_135' title='bbox 560 1653 606 1708; x_wconf 87' lang='grc' dir='ltr'><strong><em>καί</em></strong></span> <span class='ocrx_word' id='word_1_136' title='bbox 618 1654 669 1708; x_wconf 86' lang='grc' dir='ltr'><strong><em>τῶν</em></strong></span> <span class='ocrx_word' id='word_1_137' title='bbox 688 1653 859 1728; x_wconf 81' lang='grc' dir='ltr'><strong><em>τραυματιῶν</em></strong></span> <span class='ocrx_word' id='word_1_138' title='bbox 871 1651 902 1706; x_wconf 88' lang='grc' dir='ltr'><strong><em>τό</em></strong></span> 
     </span>
     <span class='ocr_line' id='line_1_20' title="bbox 146 1733 902 1812; baseline -0.001 -21"><span class='ocrx_word' id='word_1_139' title='bbox 146 1741 260 1806; x_wconf 78' lang='grc' dir='ltr'><strong><em>πλῆθος,</em></strong></span> <span class='ocrx_word' id='word_1_140' title='bbox 274 1733 324 1792; x_wconf 84' lang='grc' dir='ltr'><strong><em>οάκ</em></strong></span> <span class='ocrx_word' id='word_1_141' title='bbox 344 1736 382 1793; x_wconf 78' lang='grc' dir='ltr'><strong><em>ἔτι</em></strong></span> <span class='ocrx_word' id='word_1_142' title='bbox 400 1741 495 1812; x_wconf 86' lang='grc' dir='ltr'><strong><em>πεῖραν</em></strong></span> <span class='ocrx_word' id='word_1_143' title='bbox 521 1737 666 1811; x_wconf 78' lang='grc' dir='ltr'><strong><em>ίβοάλοντο</em></strong></span> <span class='ocrx_word' id='word_1_144' title='bbox 691 1737 783 1811; x_wconf 79' lang='grc' dir='ltr'><strong><em>ἑτέρου</em></strong></span> <span class='ocrx_word' id='word_1_145' title='bbox 809 1737 902 1808; x_wconf 85' lang='grc' dir='ltr'><strong><em>λαβεῖν</em></strong></span> 
     </span>
     <span class='ocr_line' id='line_1_21' title="bbox 146 1815 902 1897; baseline -0.003 -21"><span class='ocrx_word' id='word_1_146' title='bbox 146 1819 256 1892; x_wconf 82' lang='grc' dir='ltr'><strong><em>άγῶνσς,</em></strong></span> <span class='ocrx_word' id='word_1_147' title='bbox 269 1818 325 1877; x_wconf 76' lang='grc' dir='ltr'><strong><em>ἀλλ’</em></strong></span> <span class='ocrx_word' id='word_1_148' title='bbox 338 1823 485 1886; x_wconf 73' lang='grc' dir='ltr'><strong><em>ἐκλιπόντες</em></strong></span> <span class='ocrx_word' id='word_1_149' title='bbox 498 1822 561 1886; x_wconf 77' lang='grc' dir='ltr'><strong><em>τοὺς</em></strong></span> <span class='ocrx_word' id='word_1_150' title='bbox 569 1823 690 1897; x_wconf 85' lang='grc' dir='ltr'><strong><em>χάρακας</em></strong></span> <span class='ocrx_word' id='word_1_151' title='bbox 704 1815 842 1894; x_wconf 77' lang='grc' dir='ltr'><strong><em>άπῄεσαν·</em></strong></span> <span class='ocrx_word' id='word_1_152' title='bbox 855 1818 902 1874; x_wconf 80' lang='grc' dir='ltr'><strong><em>καί</em></strong></span> 
     </span>
     <span class='ocr_line' id='line_1_22' title="bbox 147 1899 901 1980; baseline 0.003 -22"><span class='ocrx_word' id='word_1_153' title='bbox 147 1905 311 1970; x_wconf 88' lang='grc' dir='ltr'><strong><em>διαλιπόντες</em></strong></span> <span class='ocrx_word' id='word_1_154' title='bbox 324 1906 371 1961; x_wconf 91' lang='grc' dir='ltr'><strong><em>τόν</em></strong></span> <span class='ocrx_word' id='word_1_155' title='bbox 385 1909 508 1962; x_wconf 77' lang='grc' dir='ltr'><strong><em>ἐνιαυτόν</em></strong></span> <span class='ocrx_word' id='word_1_156' title='bbox 520 1910 630 1975; x_wconf 78' lang='grc' dir='ltr'><strong><em>ἐκεῖνον,</em></strong></span> <span class='ocrx_word' id='word_1_157' title='bbox 643 1909 724 1963; x_wconf 90' lang='grc' dir='ltr'><strong><em>πάλιν</em></strong></span> <span class='ocrx_word' id='word_1_158' title='bbox 737 1902 848 1980; x_wconf 72' lang='grc' dir='ltr'><strong><em>ἐξῄεσαν</em></strong></span> <span class='ocrx_word' id='word_1_159' title='bbox 861 1899 901 1960; x_wconf 72' lang='grc' dir='ltr'><strong><em>ἐπ’</em></strong></span> 
     </span>
    </p>

    <p class='ocr_par' dir='ltr' id='par_1_4' title="bbox 146 1987 893 2066">
     <span class='ocr_line' id='line_1_23' title="bbox 146 1987 893 2066; baseline 0.003 -24.053"><span class='ocrx_word' id='word_1_160' title='bbox 146 1987 286 2063; x_wconf 74' lang='grc' dir='ltr'><strong><em>ἀλλήλους,</em></strong></span> <span class='ocrx_word' id='word_1_161' title='bbox 319 1992 440 2065; x_wconf 83' lang='grc' dir='ltr'><strong><em>μείζονας</em></strong></span> <span class='ocrx_word' id='word_1_162' title='bbox 463 1992 733 2066; x_wconf 85' lang='grc' dir='ltr'><strong><em>παρασκευασάμενοι</em></strong></span> <span class='ocrx_word' id='word_1_163' title='bbox 764 1989 893 2061; x_wconf 85' lang='grc' dir='ltr'><strong><em>δυνάμεις,</em></strong></span> 
     </span>
    </p>

    <p class='ocr_par' dir='ltr' id='par_1_5' title="bbox 143 2072 903 2405">
     <span class='ocr_line' id='line_1_24' title="bbox 143 2072 903 2181; baseline -0.003 -53"><span class='ocrx_word' id='word_1_164' title='bbox 143 2075 249 2147; x_wconf 78' lang='grc' dir='ltr'><strong><em>γίνεταί</em></strong></span> <span class='ocrx_word' id='word_1_165' title='bbox 261 2095 288 2131; x_wconf 88' lang='grc' dir='ltr'><strong><em>τε</em></strong></span> <span class='ocrx_word' id='word_1_166' title='bbox 301 2072 389 2132; x_wconf 80' lang='grc' dir='ltr'><strong><em>αὐτῶν</em></strong></span> <span class='ocrx_word' id='word_1_167' title='bbox 402 2077 463 2181; x_wconf 86' lang='grc' dir='ltr'><strong><em>περί</em></strong></span> <span class='ocrx_word' id='word_1_168' title='bbox 487 2073 584 2133; x_wconf 77' lang='grc' dir='ltr'><strong><em>πόλιν’</em></strong></span> <span class='ocrx_word' id='word_1_169' title='bbox 582 2079 713 2176; x_wconf 83' lang='grc' dir='ltr'><strong><em>Ηρητδν</em></strong></span> <span class='ocrx_word' id='word_1_170' title='bbox 717 2073 772 2132; x_wconf 87' lang='grc' dir='ltr'><strong><em>άπό</em></strong></span> <span class='ocrx_word' id='word_1_171' title='bbox 786 2073 903 2130; x_wconf 76' lang='grc' dir='ltr'><strong><em>σταδίων</em></strong></span> 
     </span>
     <span class='ocr_line' id='line_1_25' title="bbox 144 2147 901 2262; baseline 0 -48"><span class='ocrx_word' id='word_1_172' title='bbox 144 2162 211 2215; x_wconf 83' lang='grc' dir='ltr'><strong><em>ἑπτά</em></strong></span> <span class='ocrx_word' id='word_1_173' title='bbox 228 2181 272 2215; x_wconf 90' lang='grc' dir='ltr'><strong><em>και</em></strong></span> <span class='ocrx_word' id='word_1_174' title='bbox 263 2158 420 2216; x_wconf 78' lang='grc' dir='ltr'><strong><em>ἑκατόν</em></strong></span> <span class='ocrx_word' id='word_1_175' title='bbox 388 2183 434 2233; x_wconf 87' lang='grc' dir='ltr'><strong><em>της</em></strong></span> <span class='ocrx_word' id='word_1_176' title='bbox 441 2160 574 2233; x_wconf 77' lang='grc' dir='ltr'><strong><em>Ῥόιμης’</em></strong></span> <span class='ocrx_word' id='word_1_177' title='bbox 555 2162 637 2235; x_wconf 81' lang='grc' dir='ltr'><strong><em>αμὼν,</em></strong></span> <span class='ocrx_word' id='word_1_178' title='bbox 652 2164 680 2216; x_wconf 78' lang='grc' dir='ltr'><strong><em>ἐν</em></strong></span> <span class='ocrx_word' id='word_1_179' title='bbox 692 2183 713 2216; x_wconf 92' lang='grc' dir='ltr'><strong><em>ω</em></strong></span> <span class='ocrx_word' id='word_1_180' title='bbox 700 2147 883 2222; x_wconf 76' lang='grc' dir='ltr'><strong><em>πολλοῦς</em></strong></span> <span class='ocrx_word' id='word_1_181' title='bbox 847 2179 901 2262; x_wconf 87' lang='grc' dir='ltr'><strong><em>μεν</em></strong></span> 
     </span>
     <span class='ocr_line' id='line_1_26' title="bbox 144 2237 903 2352; baseline -0.003 -53"><span class='ocrx_word' id='word_1_182' title='bbox 144 2241 302 2352; x_wconf 71' lang='grc' dir='ltr'><strong><em>ἀμφοτέρων</em></strong></span> <span class='ocrx_word' id='word_1_183' title='bbox 314 2247 416 2319; x_wconf 77' lang='grc' dir='ltr'><strong><em>συνέβη</em></strong></span> <span class='ocrx_word' id='word_1_184' title='bbox 429 2251 532 2302; x_wconf 81' lang='grc' dir='ltr'><strong><em>πεσεῖν·</em></strong></span> <span class='ocrx_word' id='word_1_185' title='bbox 559 2244 708 2322; x_wconf 80' lang='grc' dir='ltr'><strong><em>ισορρόπου</em></strong></span> <span class='ocrx_word' id='word_1_186' title='bbox 728 2244 757 2300; x_wconf 84' lang='grc' dir='ltr'><strong><em>δε</em></strong></span> <span class='ocrx_word' id='word_1_187' title='bbox 776 2237 903 2319; x_wconf 80' lang='grc' dir='ltr'><strong><em>ειηίιιείκης</em></strong></span> 
     </span>
     <span class='ocr_line' id='line_1_27' title="bbox 143 2325 905 2405; baseline -0.005 -18"><span class='ocrx_word' id='word_1_188' title='bbox 143 2333 188 2400; x_wconf 77' lang='grc' dir='ltr'><strong><em>τῆς</em></strong></span> <span class='ocrx_word' id='word_1_189' title='bbox 200 2333 286 2405; x_wconf 86' lang='grc' dir='ltr'><strong><em>μάχης</em></strong></span> <span class='ocrx_word' id='word_1_190' title='bbox 310 2333 355 2390; x_wconf 78' lang='grc' dir='ltr'><strong><em>ἐπὶ</em></strong></span> <span class='ocrx_word' id='word_1_191' title='bbox 368 2331 453 2389; x_wconf 84' lang='grc' dir='ltr'><strong><em>πολόν</em></strong></span> <span class='ocrx_word' id='word_1_192' title='bbox 464 2331 561 2405; x_wconf 89' lang='grc' dir='ltr'><strong><em>χρόνον</em></strong></span> <span class='ocrx_word' id='word_1_193' title='bbox 581 2328 768 2404; x_wconf 74' lang='grc' dir='ltr'><strong><em>διαμενούσης,</em></strong></span> <span class='ocrx_word' id='word_1_194' title='bbox 791 2325 905 2385; x_wconf 87' lang='grc' dir='ltr'><strong><em>άναττί-</em></strong></span> 
     </span>
    </p>

    <p class='ocr_par' dir='ltr' id='par_1_6' title="bbox 143 2406 906 2661">
     <span class='ocr_line' id='line_1_28' title="bbox 143 2406 906 2522; baseline 0 -52"><span class='ocrx_word' id='word_1_195' title='bbox 143 2438 190 2480; x_wconf 90' lang='grc' dir='ltr'><strong><em>νας</em></strong></span> <span class='ocrx_word' id='word_1_196' title='bbox 203 2414 238 2482; x_wconf 87' lang='grc' dir='ltr'><strong><em>είς</em></strong></span> <span class='ocrx_word' id='word_1_197' title='bbox 251 2420 297 2473; x_wconf 88' lang='grc' dir='ltr'><strong><em>τόν</em></strong></span> <span class='ocrx_word' id='word_1_198' title='bbox 310 2406 446 2522; x_wconf 74' lang='grc' dir='ltr'><strong><em>οὐρανόν</em></strong></span> <span class='ocrx_word' id='word_1_199' title='bbox 438 2419 485 2479; x_wconf 86' lang='grc' dir='ltr'><strong><em>τάς</em></strong></span> <span class='ocrx_word' id='word_1_200' title='bbox 495 2415 613 2520; x_wconf 86' lang='grc' dir='ltr'><strong><em>χειραςό</em></strong></span> <span class='ocrx_word' id='word_1_201' title='bbox 629 2416 730 2480; x_wconf 81' lang='grc' dir='ltr'><strong><em>Τάλλος</em></strong></span> <span class='ocrx_word' id='word_1_202' title='bbox 741 2408 834 2480; x_wconf 75' lang='grc' dir='ltr'><strong><em>εὔξατο</em></strong></span> <span class='ocrx_word' id='word_1_203' title='bbox 847 2419 906 2482; x_wconf 77' lang='grc' dir='ltr'><strong><em>τοῖς</em></strong></span> 
     </span>
     <span class='ocr_line' id='line_1_29' title="bbox 143 2491 905 2577; baseline 0.001 -22"><span class='ocrx_word' id='word_1_204' title='bbox 143 2506 253 2569; x_wconf 68' lang='grc' dir='ltr'><strong><em>θεοῖς’</em></strong></span> <span class='ocrx_word' id='word_1_205' title='bbox 240 2504 287 2557; x_wconf 89' lang='grc' dir='ltr'><strong><em>εάν</em></strong></span> <span class='ocrx_word' id='word_1_206' title='bbox 306 2504 400 2577; x_wconf 82' lang='grc' dir='ltr'><strong><em>νικήοη</em></strong></span> <span class='ocrx_word' id='word_1_207' title='bbox 413 2522 444 2575; x_wconf 77' lang='grc' dir='ltr'><strong><em>τη</em></strong></span> <span class='ocrx_word' id='word_1_208' title='bbox 434 2495 549 2555; x_wconf 73' lang='grc' dir='ltr'><strong><em>τόδΗ</em></strong></span> <span class='ocrx_word' id='word_1_209' title='bbox 535 2505 619 2575; x_wconf 82' lang='grc' dir='ltr'><strong><em>ημὲρρι</em></strong></span> <span class='ocrx_word' id='word_1_210' title='bbox 633 2502 778 2574; x_wconf 83' lang='grc' dir='ltr'><strong><em>Σαβίνους,</em></strong></span> <span class='ocrx_word' id='word_1_211' title='bbox 782 2491 905 2574; x_wconf 82' lang='grc' dir='ltr'><strong><em>Κρόνου</em></strong></span> 
     </span>
     <span class='ocr_line' id='line_1_30' title="bbox 145 2580 906 2661; baseline 0.007 -23"><span class='ocrx_word' id='word_1_212' title='bbox 145 2605 168 2639; x_wconf 88' lang='grc' dir='ltr'><strong><em>τε</em></strong></span> <span class='ocrx_word' id='word_1_213' title='bbox 182 2584 228 2641; x_wconf 86' lang='grc' dir='ltr'><strong><em>καί</em></strong></span> <span class='ocrx_word' id='word_1_214' title='bbox 237 2582 310 2649; x_wconf 79' lang='grc' dir='ltr'><strong><em>Ῥέας</em></strong></span> <span class='ocrx_word' id='word_1_215' title='bbox 329 2586 549 2655; x_wconf 77' lang='grc' dir='ltr'><strong><em>καταστήσεσθαι</em></strong></span> <span class='ocrx_word' id='word_1_216' title='bbox 567 2586 715 2658; x_wconf 76' lang='grc' dir='ltr'><strong><em>δημοτελεῖς</em></strong></span> <span class='ocrx_word' id='word_1_217' title='bbox 739 2580 893 2661; x_wconf 76' lang='grc' dir='ltr'><strong><em>ἑορτάς,</em></strong></span> <span class='ocrx_word' id='word_1_218' title='bbox 871 2607 906 2655; x_wconf 80' lang='grc' dir='ltr'><strong><em>ας</em></strong></span> 
     </span>
    </p>
   </div>
   <div class='ocr_carea' id='block_1_3' title="bbox 0 0 952 2970">
    <p class='ocr_par' dir='ltr' id='par_1_7' title="bbox 0 0 952 2970">
     <span class='ocr_line' id='line_1_31' title="bbox 0 0 952 2970; baseline 0 0"><span class='ocrx_word' id='word_1_219' title='bbox 0 0 952 2970; x_wconf 95' lang='lat' dir='ltr'><strong><em> </em></strong></span> 
     </span>
    </p>
   </div>
  </div>
 </body>
</html>
