1890 2970
92 110 143 166 290
207 100 368 156 υιοιιυειτ
385 76 733 156 σετιοεευιεειευειε

93 213 199 279 ,πολλοὶ
224 204 276 282 ἤδη
290 207 478 286 στρατεδματα
500 209 606 284 μεγοίλα
626 203 671 266 ὑπ’
685 203 794 275 οὗδενδς
807 207 854 268 οδ·

93 319 162 366 ,τοις
174 297 265 372 ἑτέρου
278 296 399 370 φοβεροῦ
412 294 591 368 παθήματος,
606 292 639 360 ὥς
653 293 706 351 ὖπδ
721 295 795 364 δόξης
807 317 856 352 κε-

92 386 166 453 ,,νής,
180 384 256 443 ίσιιεν
267 381 431 455 πανώλεθρα
451 380 649 451 διαφθαρέντα.
669 382 700 436 ιδ
714 375 743 435 δ’
758 375 846 453 ήμέτε-

94 489 163 542 ,,ρον
194 462 229 523 οὗ
256 469 333 540 λόγος
357 464 532 539 ἓσταιιιενός,
547 458 609 519 οὔδ’
638 463 741 537 οίφανὲς
766 465 855 538 δεῖμα,

96 546 169 622 ,ἀλλ’
184 552 263 627 ἔργον
277 549 383 619 ἆπιίσης
393 549 478 623 ὅψεως
492 549 539 606 καί
552 549 645 625 πείρας
660 550 855 627 φοβερώτερον.

95 636 149 711 ,μέν
169 633 196 690 δ’
211 632 266 710 ίίρα
288 632 419 691 τοίναντία
439 637 490 690 τῶν
513 635 702 709 λελογισμένων
726 639 855 708 γινόμενα

96 723 184 798 ,,ὁρῶ·
211 722 331 794 λεγέσθω
343 721 396 795 γοίρ
410 720 457 776 καὶ
475 722 509 774 τοὶ
521 721 597 792 πυροί
615 722 662 785 τοὶς
681 717 857 793 ἀνθρωπίνας

95 808 194 874 ,δόξας
212 802 330 862 είωθδτα
350 803 485 880 ολπαντρῖν,
498 804 588 873 ἐπειδή
603 807 689 862 πολλοί
703 805 750 861 καὶ
762 808 795 861 τοί
817 808 856 881 μή

97 889 208 958 ,εἰκότα
222 889 249 946 οἶ
263 893 320 962 βίοι
326 891 456 964 φέρουσι·
470 888 517 946 καί
524 887 655 945 τοίναντία
663 887 805 957 καίαδτδς,
821 879 857 946 ὧν

96 970 285 1050 ,,προῦθε’μην,
305 975 462 1049 ἐπιχειρήσω
481 977 578 1030 ποιεῖν.
597 971 650 1038 δέξω
662 977 716 1050 γοίρ
733 974 800 1048 ὑμᾶς
812 976 857 1031 ἐπὶ

96 1060 180 1130 ,,τοδς
192 1061 337 1131 πολεμίους
349 1055 407 1132 ἅμα
430 1057 583 1133 Ῥωμαίοις,
610 1058 656 1114 καί
684 1062 857 1133 συλλήψομαι

97 1141 213 1212 ,αὐτοῖς
225 1148 272 1215 τής
284 1146 370 1214 νίκης,
399 1146 446 1214 τήν
465 1165 493 1200 τι
508 1146 660 1216 κατάληψιν
680 1148 738 1210 τῶν,
748 1145 857 1217 ὑψηλῶν

96 1234 287 1300 ,πεποιῆσθαι
301 1231 448 1304 σκήψομαι,
460 1233 505 1298 τῆς
517 1230 670 1295 κυκλώσεως
689 1232 740 1286 τῶν
753 1228 857 1285 οἷντιτε·

97 1318 252 1390 ,,ταγμένων
267 1314 352 1371 ἕνεκα.
370 1315 510 1387 γενήσεται
525 1314 553 1370 δέ
565 1334 619 1385 μου
631 1317 726 1378 πιστὸς
740 1314 755 1369 δ
767 1317 855 1390 λόγος,

96 1399 180 1475 ,ἔργα
195 1399 397 1474 ὁμολογούμενα
410 1399 445 1474 τῇ
459 1401 557 1472 σκήψει
575 1402 772 1474 παρεχομένου·
786 1396 855 1475 ὥσθ’

96 1482 184 1557 ,ἡμᾶς
198 1487 249 1541 τῶν
261 1485 310 1557 μέν
331 1484 423 1540 δεινῶν
435 1479 497 1556 μηδ’
512 1487 609 1559 ἑτέροις
622 1488 782 1552 κοινωνήσαι
790 1527 799 1551 ,
812 1487 857 1554 τῆς

96 1566 144 1640 ,,δ’
165 1569 305 1642 ἀμείνονος
328 1569 407 1640 τέγής
427 1565 490 1645 παρ’
511 1566 668 1644 οίμφοτέρων
687 1571 857 1644 μεταλαβεῖν.

96 1655 167 1730 λ,ἐγὼ
179 1657 228 1728 μέν
242 1644 291 1711 οίιν
309 1656 395 1710 ταῦτα
414 1655 516 1729 έγνοικοί
533 1653 619 1710 τεκαὶ
634 1653 723 1728 δροίσω
744 1654 793 1710 οὐν
807 1658 857 1712 θε·

97 1745 166 1810 „ch¹
180 1743 310 1814 κροίτιστα
330 1738 396 1796 ὄντα
417 1737 449 1795 οὗ
470 1741 555 1811 μόνον
567 1729 708 1812 Ἀλβανοῖς,
729 1737 797 1795 τίλλιί
811 1737 857 1795 καί

97 1828 174 1894 ,τοῖς
185 1820 276 1886 ἄλλοις
288 1826 425 1888 Λατίνοις.
439 1822 509 1896 ὑμᾶς
523 1822 553 1878 δέ
561 1825 612 1898 χρή
632 1825 712 1897 σιγήν
722 1824 771 1896 μέν
785 1826 856 1900 πρῶ·

98 1928 165 1977 ,,τον
179 1909 372 1981 φυλάττοντας,
387 1907 476 1964 ἔπειτα
490 1911 592 1983 κόσμον
605 1930 631 1964 τε
646 1910 789 1976 σώζοντας,
810 1907 857 1965 καί

100 1998 175 2063 ,τοῖς
189 1995 444 2068 παραγγελλομένοις
466 1989 540 2057 ὀξέως
559 1993 769 2068 ὑπηρετοῦντας,
790 2016 857 2069 προ-

99 2077 229 2150 ,,θιίμους
242 2075 390 2150 ἀγωνιστάς
402 2079 545 2153 γίνεσθαι,
560 2079 605 2134 καλ
619 2076 740 2151 τούςεδψ
757 2077 857 2143 αὖτοὺς

98 2164 280 2238 ,,προθιἰμους
310 2166 451 2238 παρέχειν,
484 2165 703 2236 ἐνθυμουμένους
734 2159 776 2219 ὅτι
807 2159 858 2232 οὔχ

99 2246 213 2321 ,ὅμοιός
226 2253 297 2306 ἐστιν
311 2243 374 2319 ήμῖν
391 2269 419 2304 τε
434 2246 480 2303 καί
498 2251 555 2311 τοῖς
567 2243 657 2313 ἄλλοις
671 2246 828 2324 ἀνθρώποις
841 2248 858 2303 δ

99 2333 180 2408 ,περὶ
192 2337 237 2404 τής
251 2333 403 2408 ἐλευθερίας
417 2330 498 2406 οίγίιν,
515 2323 555 2397 οἷς
566 2355 637 2390 τισιν
650 2338 677 2389 έν
692 2333 752 2390 έθει
765 2335 855 2389 καθέ-

98 2439 209 2488 ,,στηκεν
227 2414 362 2494 ἄρχεσθαι
387 2413 431 2490 ὕφ’
460 2419 563 2490 ἑτέρων,
578 2416 623 2474 καί
638 2413 713 2482 ὅσοις
725 2417 855 2488 τοιαίτήν

99 2506 255 2570 ,πολιτείαν
268 2503 294 2561 οἱ
308 2505 418 2578 πατέρες
431 2503 592 2576 παρέδοσαν.
613 2503 752 2580 έλείιθεροι
762 2505 815 2577 γοίρ
828 2507 856 2567 έξ

98 2590 263 2664 ,ἐλευθέρων
273 2587 380 2662 ἔφυμεν.
396 2588 441 2645 καί
454 2583 543 2662 ἄρχειν
556 2590 607 2646 τῶν
619 2588 769 2667 προσοίκων
789 2586 854 2645 εἶπέ-
