1890 2970
160 95 589 179 ANTIQVITATVM'ROMAN.
606 112 670 161 ωτι.
680 111 725 161 σι
765 118 814 170 331

86 216 125 271 ιαί
140 239 184 283 της
197 220 294 282 πόλεως
307 212 367 282 άξια
379 214 425 272 καί
438 216 607 289 συμφέροντα
621 209 699 289 ήμῖν,
724 237 755 271 ον
746 212 816 291 ’μό-

85 322 131 358 νον
151 295 168 354 δί
188 306 215 356 ἐν
234 300 329 373 οίρχσίς
349 299 539 374 σἰπιφηνάμην,
569 297 636 355 σίλλά
655 300 700 356 καί
713 321 761 356 νυν
773 300 817 357 ίπί

70 388 126 452 ,τής
151 381 232 454 οὗτῆς
256 384 361 457 γιώμηί
384 386 512 457 ἐπιμένων
544 381 747 456 άποφαίνομαι,
779 387 816 457 μή

65 471 189 569 ,συγχεῖν
202 470 248 524 τόν
262 472 405 541 κόσμον
374 489 420 538 της
434 469 574 535 πολιτείας,
591 458 657 539 μηδὲ
671 472 752 524 κινεῖν
765 467 816 538 ἔθη

65 556 199 626 ,πατέρων
213 550 333 622 υίκίνητα,
357 549 451 626 μηδ”
434 555 553 650 αναιρείν
566 555 592 614 ἐξ
604 550 756 628 ἀνθρώπων
768 553 816 606 κί-

65 658 151 709 ,,,στιν
175 635 355 710 ἱερόνχρήμα,
383 631 446 708 μεθ’
466 624 497 703 ής
517 637 591 691 πιῖσοι
611 634 731 700 πόλις’
706 640 816 691 οικείται

69 718 216 821 ,ρίσφαλώῂ
244 721 317 795 δήμῳ
335 741 362 776 τε
383 721 433 793 μή
440 722 517 775 εἴκειν
540 718 689 793 άγιώμονι,
717 717 815 775 άδίκών

68 803 160 878 ,ἔργων
173 825 219 860 και
210 802 367 878 άθεμίτων
378 801 515 878 χρῄζοντι·
543 803 587 858 καί
602 801 651 874 οὔχ
663 803 734 870 ὅπως
749 803 815 860 ὕπο·

65 888 272 959 ,κατακλίνομαί
288 910 314 943 τι
332 893 375 958 τῆς
394 888 498 961 γνώμης
510 888 588 961 φόβην
600 892 651 945 τών
665 888 810 962 διαφόρων,

66 971 105 1038 ,οἳ
116 969 146 1028 τό
160 978 187 1027 ἐν
198 971 232 1045 τῇ
244 974 320 1029 πόλει
341 972 486 1044 δημοτικόν
506 965 546 1026 ἐπ’
567 972 627 1046 ἐμοί
646 973 813 1036 συνιστάντες

65 1056 240 1120 ,δεδίττονταί
251 1079 298 1129 με,
322 1053 388 1112 σἰλλά
401 1055 471 1113 πολὺ
483 1055 583 1128 μᾶλλον
597 1055 613 1125 ή
626 1058 756 1132 πρότερον
769 1055 812 1131 ἴῤ-

65 1143 163 1213 ,ῥωμσι
175 1141 222 1208 τήν
236 1136 326 1214 ὀργήν,
341 1140 385 1195 καί
400 1136 543 1212 οἷγανακτώ
556 1144 612 1203 τοῖς
623 1137 751 1213 αἰτήμασι
763 1143 812 1196 τοῦ

67 1225 165 1296 ,δήμου
182 1222 333 1287 διπλασίως.
360 1217 482 1298 δρῶντ’,
509 1215 529 1278 ὦ
552 1225 645 1295 βουλή,
672 1228 702 1281 τό
721 1227 809 1299 παροί-

67 1309 157 1381 ,λογον
170 1309 215 1375 τῆς
227 1307 331 1380 γνώμης
344 1305 512 1378 τεθαύμακα,
541 1302 582 1362 ὅτε
592 1303 641 1362 οὐκ
655 1310 811 1382 ίπιτρέψαν·

64 1411 114 1457 ,τες
132 1386 216 1463 αὐτῷ,
244 1385 287 1446 ὅτε
301 1385 375 1445 σε’ίπω
392 1391 509 1464 φανερός
521 1377 554 1458 ήν
568 1393 704 1463 πολέμιος,
728 1395 810 1465 χρεών

65 1472 217 1547 ,άποκοπιίς
242 1472 288 1528 καί
311 1476 515 1549 κατακριμάτων
535 1470 641 1545 ιίρίσεις
655 1471 808 1548 αἰτουμένῳ,

65 1560 122 1629 ,νίιν
135 1557 190 1613 ἐπεί
202 1562 229 1614 ίν
242 1560 298 1622 τοῖς
317 1554 409 1622 ὅπλοις
421 1556 475 1614 ἐστί
493 1557 539 1612 καί
552 1559 584 1612 τά
598 1558 728 1628 πολεμίων
747 1557 809 1636 δρᾷ,

65 1642 158 1708 ,ταῦτα
182 1638 204 1697 εί
229 1643 408 1715 συγχωρήσετε
426 1640 604 1715 βουλεύεσθε,
628 1637 679 1716 κᾷν
697 1636 713 1696 ὅ
732 1662 757 1697 τι
775 1641 809 1699 όίν

65 1721 138 1798 ,άλλο
165 1721 237 1800 αδτρῖ
259 1727 334 1800 δοκῇ.
362 1726 429 1789 δόξει
457 1724 485 1780 δὲ
509 1725 606 1794 δήπου,
634 1723 679 1782 καί
704 1727 809 1799 πρῶτον

65 1811 212 1883 ,ποιήσεται
225 1814 275 1867 τῶν
289 1808 448 1884 άξιοσμίνων
462 1805 583 1881 ἰσότιμον
595 1802 671 1881 εἶναι,
696 1808 741 1864 καί
757 1811 809 1866 τῶν

64 1889 161 1964 ,αδτῶν
174 1890 236 1966 ήμῖν
249 1897 377 1968 μετέχειν.
405 1889 505 1950 οὗκοίνν
518 1891 553 1958 είς
569 1892 748 1968 δημοκρατίαν
761 1915 805 1951 πε-

65 1980 220 2051 ριστήσετε,
242 1980 291 2048 τήν
310 1975 520 2053 άμοιθεστάτην,
546 1971 633 2050 ὥσπερ
647 1976 728 2050 ἔφην,
755 1979 806 2033 τῶν

65 2066 99 2124 ,ἐν
112 2059 268 2136 ἀνθρώποις
280 2064 427 2129 πολιτειῶν,
447 2062 491 2117 καί
506 2058 567 2132 δμίν
581 2059 740 2136 άσδμφορον
751 2065 807 2124 τοῖς

65 2143 193 2223 ,άξιοῖιοιν
212 2143 302 2220 άρχειν
319 2148 430 2223 ίείρων,
456 2141 515 2215 ου’κ,
537 2147 584 2201 ἐάν
606 2166 635 2219 γε
653 2149 805 2221 σωφρονῆτε

65 2230 150 2302 ὑμεῖς.
177 2226 194 2298 ή
206 2232 311 2287 πάντων
321 2228 356 2287 ἂν
368 2233 435 2300 εἴητε
448 2227 652 2303 άφρονέστατοι,
678 2226 714 2300 εἰ,
739 2231 806 2304 πρὸς

65 2315 128 2379 ,ἑνός
146 2309 280 2388 ἄρχεσθαι
299 2311 397 2389 άνδρός
415 2314 576 2388 τυραννικοῦ
595 2308 804 2383 οὗκάναοχετόν

65 2395 245 2473 ἡγησάμενοι,
274 2398 362 2473 δήμῳ,
388 2397 525 2473 τυραννίδι
544 2398 729 2471 πολυκεφάλῳ,
755 2399 804 2453 νῦν

65 2481 138 2555 ,ὑμᾶς
163 2477 262 2546 αότοίις
286 2482 487 2558 παραδώσαιτε,
519 2481 565 2538 καί
583 2483 669 2536 ταῦτα
687 2477 720 2536 οδ
737 2483 804 2552 μετά

65 2566 186 2643 ,χαρίτων
205 2561 277 2641 αότρί
300 2569 427 2625 πείθοντι
445 2566 670 2643 συγχωρήσαντες,
703 2564 755 2622 δπό
775 2561 801 2620 δ’
