1890 2970
165 104 579 173 ANTIQVITATVMROMAN.
598 107 660 156 Lm.
676 108 708 157 v.
768 114 816 167 211

64 229 142 282 μενος
154 205 198 264 ὅτι
210 213 265 278 τοῖς
278 209 489 287 ἀναγινώσκουσι
503 211 549 273 τοῖς
562 207 683 284 ἱστορίας·
694 205 743 280 οἰχ
755 209 819 266 ῖκα.

67 294 114 348 νόν
128 290 163 357 εἷς
173 289 308 363 ὠφέλειαν,
334 297 364 351 τὸ
391 298 462 360 τέλος
475 289 542 350 αὐτὸ
567 295 618 349 τῶν
644 297 817 365 πραχθίντων

68 376 199 432 οῖκοῦσαι·
213 375 321 434 οῖπαιτεῖ
334 374 362 433 δ’
378 378 485 442 ἕκαστος
496 376 540 433 καί
554 380 600 443 τοῖς
613 373 699 441 αἰτίας
713 377 818 452 ῖστορή·

67 481 112 516 σαι
126 463 178 515 τῶν
189 464 340 534 γινομένων,
362 461 408 517 καί
421 463 481 526 τούς
493 464 607 537 τρόπους
627 463 678 516 τοῖν
691 463 816 536 πράξεων,

67 544 113 599 καί
124 547 170 607 τιὶς
183 545 304 611 διανοίας
317 547 367 602 τοῖν
380 547 543 622 πραξάντων,
563 545 610 600 καί
628 545 662 601 τοί
681 548 755 621 πυροί
769 547 819 600 τοῦ

67 629 211 699 δαιμονίου
222 631 435 705 συγκυρήσαντα,
459 628 506 685 καὶ
516 629 630 700 μηδενὸς
649 625 762 697 οῖνήκοος
773 649 819 704 γε-

66 715 165 769 νέσθαι
178 713 228 768 τῶν
241 717 397 785 πεφυκότων
415 717 472 778 τοῖς
490 714 631 786 πράγμασι
649 717 817 785 παρακολου·

65 799 141 851 θεῖν·
154 799 210 860 τοῖς
223 796 252 852 δεΙ
262 800 407 860 πολιτικοῖς
419 796 466 853 καῖ
479 799 551 853 ποίνυ
565 795 717 870 ἀναγκαίαν
731 794 816 870 ῖποίρ·

65 899 166 948 γουσαν
177 880 245 955 δρνῖν
256 883 304 951 τήν
316 881 417 938 τούτων
429 884 559 954 μάθησιν,
572 880 616 937 λ’να
631 878 816 954 παραδείγμα-

65 985 109 1018 σιν
127 963 209 1034 ἔχοιεν
221 968 286 1040 πρὸς
300 966 334 1020 τιί
356 965 542 1037 συμβαίνοντα
561 967 688 1038 χρῆσθαι.
708 951 740 1028 ήν
760 957 818 1018 δ’ὁ

64 1051 162 1119 τρόπος
174 1051 219 1118 τῆς
232 1051 382 1120 συλλήψεως
395 1052 446 1104 τῶν
459 1049 625 1120 συνωμοτῶν,
646 1041 677 1102 ίίν
690 1049 789 1122 ἐξεῦρεν
802 1045 818 1100 ὁ

64 1128 174 1196 ὕπατος,
188 1132 297 1195 τοιδςδε.
323 1134 375 1187 τῶν
392 1133 552 1204 μετεχόντων
568 1131 618 1186 τοῖν
661 1133 816 1186 ουλευτικοῖι

66 1215 206 1287 συνεδρίου
224 1215 287 1278 τοῖς
300 1213 498 1286 ἄκμαιοτοίτους
509 1216 695 1286 ἐπιλεξάμενος,
719 1217 818 1271 ἐκέλευε

64 1320 109 1355 σευ
123 1295 221 1365 αὐτοῖς,
235 1293 302 1353 ὅταν
316 1299 417 1371 λάβωσι
433 1301 464 1353 τό
483 1297 619 1370 σίινθήμα,
632 1299 698 1369 μειοῖ
711 1300 761 1353 τῶν
774 1320 812 1353 πι-

64 1383 201 1438 στοτάτων
213 1384 296 1452 φίλων
309 1403 336 1437 τι
350 1381 396 1438 καί
410 1384 542 1455 συγγενῶν
556 1383 616 1447 τούς
629 1383 757 1454 ἐρυμνοὺς
771 1386 817 1450 τής

64 1468 163 1529 πόλεως
181 1467 383 1537 καταλαβέσθαι
397 1468 501 1533 τόπους,
516 1460 591 1531 ίνοῖς
603 1465 745 1535 ἐτύγχανον
757 1465 818 1519 ίκα-

66 1570 126 1605 στοι
139 1551 185 1612 τοῖς
199 1546 311 1615 οἰκήσεις
329 1549 443 1619 ἔχοντες·
463 1553 520 1616 τοῖς
531 1546 563 1606 θ’
577 1549 688 1604 ῖππεῖισι
706 1552 818 1622 προεῖπε

64 1636 124 1696 ταῖς
137 1631 358 1702 ἐπιτηδειοτάταις
378 1637 429 1690 τῶν
452 1633 514 1708 περὶ
527 1635 575 1702 τήν
601 1631 704 1707 οῖγοροίν
730 1631 818 1687 οἰκιῶν

64 1718 234 1791 παραμένειν,
249 1715 339 1786 ἔχουσι
351 1717 422 1787 ξίφη,
439 1719 484 1775 καί
496 1720 584 1772 ποιεῖν
601 1711 616 1770 ὅ
629 1737 654 1771 τι
674 1715 708 1772 ἂν
728 1712 818 1777 αὐτοῖς

64 1800 163 1874 κελεύῃ.
188 1799 231 1855 λ’να
246 1800 274 1855 δὲ
285 1799 368 1871 μηδὲν
381 1805 408 1856 ἐν
432 1802 462 1874 τῇ
487 1802 614 1873 συλλήψει
629 1802 681 1854 τῶν
704 1801 818 1853 πολιτῶν

65 1883 236 1957 νεωτερίσωσι
262 1883 289 1940 οἶ
314 1887 489 1956 προσήκοντες
513 1881 613 1949 αιῖτοῖς,
638 1881 719 1949 ήτιίνν
734 1879 819 1936 ιῖλλων

64 1970 132 2031 τινὲς
144 1969 266 2034 πολιτῶν,
279 1963 346 2041 μηδ’
361 1969 485 2039 ἐμφύλιοι
505 1967 549 2022 διαί
571 1971 620 2034 τήν
641 1968 757 2042 ταραχήν
769 1969 817 2039 γε’-

63 2052 260 2120 νωνταιφιίνοι,
288 2055 434 2124 γράμματα
456 2055 563 2122 πέμψας
576 2052 642 2120 πρὸς
667 2050 771 2106 τδνίπί
784 2048 817 2120 τῇ

64 2134 205 2208 πολιορκίᾳ
219 2140 264 2204 τήι
280 2137 396 2205 Φιδήνης
413 2137 573 2208 τεταγμένον
592 2129 706 2199 ὕπατον,
717 2136 816 2188 ἐκέλευ-

63 2240 108 2275 σεν
122 2216 267 2292 υῖργομίνης
279 2222 324 2286 τῆς
336 2221 429 2281 νυκτὸς
445 2214 546 2293 ιῖγοντα
558 2217 588 2271 τὸ
615 2217 757 2289 κριίτιστον
770 2217 815 2281 τής

63 2303 194 2375 στρατιαῖς,
210 2296 284 2368 ήκειν
293 2301 337 2356 ἐπὶ
349 2304 397 2368 τήν
410 2305 497 2374 πόλιν,
517 2301 563 2356 καὶ
576 2301 689 2366 πλησίον
702 2302 750 2354 τοῦ
764 2298 813 2352 τεί-

60 2407 124 2454 γους
136 2392 163 2440 ἐν
177 2384 268 2456 ὀρεινῷ
280 2387 353 2458 τόπῳ
366 2386 469 2442 θέσθαι
483 2385 516 2438 τοί
531 2381 612 2440 ὅπλα.

126 2466 213 2524 LVII.
233 2471 512 2541 Παρασκευασιίμενος
534 2467 562 2522 δι’
580 2469 674 2532 ταῖτο,
694 2469 750 2530 τοῖς
760 2487 814 2535 μη-

64 2553 161 2608 νίισασι
173 2557 220 2623 τήν
232 2553 328 2627 πρᾶξιν
341 2547 404 2620 εἶπε,
416 2553 482 2627 πρὸς
501 2552 563 2612 τοῖς
581 2554 633 2607 τῶν
659 2550 814 2622 συνωμοτῶν

561 2635 617 2685 02
