1890 2970
154 113 430 183 ANTIQVITATVM
442 111 576 164 ROMAN.
593 113 656 163 LIB.
674 114 705 163 V.
769 118 817 171 155

64 218 202 287 ὤσασθαι,
217 221 264 277 καὶ
281 219 394 284 πολλοὺς
406 219 454 292 μέν
468 216 660 275 ἀποκτείναντα
674 221 701 279 ἐξ
722 214 818 286 αόιῶν,

63 308 129 370 τούς
144 306 172 362 όέ
189 305 301 367 λοιποὺς
313 305 475 376 ἐκβαλόντα,
498 305 628 378 κρατῆσαι
642 301 690 357 τοῦ
704 321 818 374 στρατο-

62 391 157 446 πέδου.

178 473 293 520 Brun
319 469 444 538 sunus
479 475 515 516 et
548 464 699 516 laudes.

127 555 221 615 XVII.
248 556 361 613 Τοιοῦτο
379 557 427 629 μέν
444 549 460 623 ἦ
478 555 550 627 μάχη
569 555 640 619 τέλος
659 553 767 627 ἔλαβεν·
785 557 818 631 τῇ

62 637 93 697 δ’
119 643 173 708 ἑξῆς
198 637 282 714 ἡμέρᾳ
301 640 489 700 σκυλεύσαντες
512 636 539 693 ολ
553 634 680 710 Ῥωμαῖοι
692 640 753 703 νοός
766 643 818 695 τῶν

62 726 195 798 πολεμίων
208 724 322 797 νεκροός,
335 721 379 778 καὶ
387 723 448 785 τούς
460 723 562 778 ἑαυτῶν
574 724 721 797 θάψαντες,
735 719 816 796 άπῄε-

61 831 125 866 σαν.
151 810 180 864 τό
195 807 363 878 όέΒροότου
383 811 457 880 σῶμα
478 803 607 881 άράμενοι
627 808 694 879 μετά
713 809 816 864 πολλῶν

60 892 179 949 ἐπαίνων
192 913 219 947 τε
233 890 280 946 καὶ
293 889 423 965 όακρόων,
438 887 473 954 εἰς
485 891 533 958 την
543 886 644 963 Ῥώμην
658 888 814 962 ἀπεκόμιζον

61 975 92 1033 οἱ
106 978 243 1050 κράτιστοι
261 976 312 1030 τῶν
331 973 439 1042 ἱππέων,
460 973 602 1045 στεφάνοις
621 977 813 1045 κεκοσμημένον

61 1058 206 1134 άριστελας.
227 1057 332 1128 ὑπήντα
348 1054 375 1112 δ’
391 1054 483 1120 αὐτοῖς
496 1051 513 1124 ἥ
526 1077 553 1112 τε
565 1057 658 1128 βουλό,
673 1059 814 1131 θριάμβου

61 1143 206 1217 καταγωγῇ
225 1144 395 1215 ψηφισαμένη
415 1143 547 1213 κοσμῆσαι
562 1141 610 1195 τόν
631 1135 755 1215 ἡγεμόνα,
770 1143 814 1199 καλ

62 1229 80 1284 ό
95 1227 178 1300 όῆμος
191 1223 261 1290 άπας
275 1228 404 1299 κρατῆρσι
416 1222 460 1279 καλ
474 1226 610 1295 τραπέζαις
623 1222 813 1299 όιιοόεχόμενος

62 1313 112 1380 τὴν
126 1309 259 1385 στρατιάν.
281 1307 314 1374 όις
328 1303 355 1363 θ’
376 1305 411 1371 εἷς
424 1310 471 1378 την
484 1308 561 1363 πόλιν
579 1305 724 1380 άφέκοντο,
744 1332 813 1381 πομ-

60 1395 164 1455 πεύσας
177 1393 192 1448 ό
205 1389 320 1456 ὕπατος,
334 1391 367 1457 άνς
379 1394 435 1457 τοῖς
446 1393 600 1464 βασιλεῦσιν
619 1391 683 1455 έθος
697 1380 743 1457 ἦν,
769 1390 811 1448 ότι

60 1482 112 1541 τάς
136 1479 350 1551 τροπαιοφόρους
369 1477 479 1548 πομπάς
497 1496 524 1531 τε
543 1475 588 1532 καλ
607 1479 707 1540 θυσίας
725 1480 813 1531 ἔπεισε

59 1567 143 1626 λοῖεν,
164 1560 208 1616 καὶ
222 1563 254 1614 τά
268 1559 351 1616 σκόλα
363 1562 419 1623 τοῖς
430 1562 507 1622 θεοῖς
520 1556 639 1626 άναθελς,
651 1560 751 1629 ἐκείνην
763 1561 811 1631 μέν
847 1562 850 1573 “

58 1646 110 1714 τήν
124 1641 223 1718 ἡμέραν
237 1643 310 1716 ἱεράν
322 1631 377 1718 ἦγε,
391 1643 435 1700 καλ
447 1644 510 1708 τοός
522 1645 750 1715 ἐπιφανεστάτους
762 1647 813 1699 τῶν

58 1731 176 1785 πολιτῶν
201 1729 317 1784 ἑστίασιν
341 1727 453 1800 προθεὶς
478 1727 625 1796 ὑπιόέχετο.
650 1727 681 1800 τῇ
709 1723 736 1781 δ’
759 1731 813 1797 ἑξῆς

57 1811 146 1886 ἡμέρᾳ
159 1815 243 1882 φαιάν
256 1815 360 1882 ἐσθῆτα
373 1811 468 1885 λαβὼν,
495 1810 541 1867 καλ
554 1814 584 1866 τό
597 1811 722 1888 Βρούτου
738 1815 812 1883 σῶμα

57 1895 173 1971 προθεὶς
189 1900 216 1953 ἐν
235 1895 323 1970 άγαρᾷ
341 1896 535 1969 κεκοσμημένον
553 1895 598 1952 ἐπὶ
616 1898 752 1971 στρωμνῆς
769 1892 811 1952 εό-

56 1981 190 2055 πρεποῖις,
218 1981 354 2035 συνεκάλει
372 1981 418 2034 τόν
432 1980 516 2051 δῆμον
529 1975 564 2042 εἲς
589 1981 742 2049 ἐκκλησίαν,
766 1980 812 2036 καὶ

58 2064 202 2137 προελθὼν
220 2061 263 2118 ἐπὶ
285 2065 315 2119 τό
334 2065 424 2136 βῆμα,
451 2068 497 2120 τόν
515 2063 656 2132 ἐπιτάφιον
676 2063 756 2128 ἔλεξεν
770 2059 810 2118 ἐπ’

59 2145 134 2221 αὐτῷ
146 2149 234 2219 λόγον.
255 2145 276 2201 εἰ
287 2147 335 2219 μέν
348 2136 398 2202 σόν
414 2142 554 2220 Οὐαλέριος
566 2148 668 2219 πρῶτος
684 2149 810 2213 κατεστή-

61 2251 128 2287 σατο
143 2233 189 2285 τόν
199 2233 280 2302 νόμον
291 2231 368 2286 τόνότ
376 2227 522 2303 Ῥωμαίοις,
536 2226 552 2297 ἢ
566 2231 683 2299 κείμενον
694 2229 747 2285 ὑπό
760 2232 810 2286 τῶν

62 2317 192 2387 βασιλέων
206 2315 362 2388 παρέλαβεν,
382 2311 430 2370 οὔκ
443 2313 491 2384 &w
509 2316 539 2369 τό
553 2314 635 2384 σαφές
654 2311 743 2368 εἰπεῖν.
769 2309 811 2368 ὅτι

64 2397 90 2453 όέ
100 2394 236 2469 Ῥωμαίων
260 2398 330 2455 ἐστὶν
356 2397 468 2473 άργαῖον
493 2393 600 2471 εὕρεμα,
626 2397 657 2451 τό
671 2397 744 2472 παρά
766 2400 811 2461 τάς

64 2483 151 2553 ταφάς
171 2485 221 2536 τῶν
234 2483 367 2552 ἐπισήμων
386 2480 489 2557 άυόρῶν
509 2481 636 2547 έπαόνους
654 2484 699 2551 τῆς
717 2478 810 2554 άρετῆς

63 2560 153 2620 αότῶν
166 2569 298 2637 λέγεσθαι,
323 2565 367 2621 καλ
385 2561 433 2635 ου’,η
452 2563 573 2636 Ἓλληνες
598 2561 666 2622 αὐτό
686 2565 814 2630 κατι-,στόχ-
