1890 2970
85 89 136 144 228
202 80 361 136 DIONYSII
378 80 725 136 HALICARNASSENSIS
759 86 762 91 “

85 192 177 265 βωμόν
195 191 351 246 ἐκτείνασαν
377 185 478 245 εἰπεῖν·
501 185 618 256 ,Ἑστία
642 191 688 258 τῆς
708 187 847 259 Ῥωμαίων

86 279 207 344 ,,πόλεως
225 275 325 349 φίλαξ,
352 271 376 330 οῖ
386 275 435 348 μέν
447 273 526 340 όσίονς
544 273 590 329 καῖ
604 273 713 340 δικαίαις
730 274 848 330 τετέλεκά

85 382 150 430 ,,σοι
168 362 208 417 ’τά
221 361 279 436 ἱεροί
289 362 388 436 χρόνον
401 357 481 435 ὀλίγην
507 359 605 416 δέοντα
616 360 847 434 τριακονταετοῦς,

85 447 151 518 ,,καῖ
164 448 253 520 ψυχὴν
265 445 363 517 ἔχουσα
377 446 506 520 καθαράν
520 445 566 501 καί
591 448 668 518 σῶμα
694 443 848 517 άγνδν,έπι·

86 533 217 605 ,φάνηθί
240 553 288 604 μοι
312 529 516 602 καῖβοίηθησόν
538 551 576 605 γε,
604 529 650 586 καί
676 528 848 604 μήπεριῖδης

88 619 155 686 ,τήν
168 620 283 686 σεαυτῆς
296 614 393 692 ἱέρειαν
418 619 553 672 οἴκτιστον
577 617 664 688 μόρον
678 613 848 671 ἀποθανεῖν·

85 699 128 771 „ez
141 700 170 757 δέ
183 700 293 758 άνόοιόν
307 722 333 755 τι
344 701 495 773 πέπρακταί
507 721 564 772 μοι,
577 704 636 765 ταῖς
648 702 724 772 έμαῖς
740 700 849 773 τιμωρί·

86 809 149 857 ,,αις
161 787 192 842 τό
205 790 249 856 τῆς
263 788 363 849 πόλεως
378 780 446 858 άγος
472 781 634 856 άφάνισαι.“
659 778 734 840 ταῦτ’
757 781 850 840 εἰπεῖν·

86 893 136 928 οαν
149 871 194 927 καῖ
207 871 402 946 περιρρήξασαν
416 866 471 925 άπό
485 873 530 939 τῆς
543 869 709 943 καρπασίνης
722 872 850 941 ἐσθῆτος,

85 953 119 1026 ἣν
132 955 221 1026 ἔτυχεν
234 955 401 1021 ἐνδεδυκυῖα,
417 956 511 1028 βαλεῖν
526 956 572 1011 τόν
586 957 724 1027 τελαμῶνα
737 952 782 1009 ἐπὶ
802 956 850 1010 τόν

87 1042 194 1115 βωμόν·
219 1043 286 1116 μετά
311 1037 342 1096 δέ
357 1042 405 1107 τήν
418 1035 496 1111 εὗγὴν
510 1043 643 1114 λέγουσιν
655 1044 684 1095 έκ
708 1041 754 1109 τῆς
773 1060 851 1094 κατε·

88 1128 224 1200 ψυγμένης
249 1128 302 1200 πρό
328 1125 446 1191 πολλοδ,
472 1123 518 1181 καὶ
538 1121 636 1183 οὐδένα
662 1124 849 1196 φυλαττοίσης

89 1213 232 1286 σπινθῆρα
264 1213 362 1284 τέφρας
388 1207 550 1283 ἀναλάμψαι
568 1212 658 1284 φλόγα
677 1211 778 1278 πολλὴν
803 1209 850 1264 διά

88 1301 134 1365 τῆς
147 1297 300 1370 καρπάσου,
314 1291 381 1351 ὥστε
393 1294 475 1366 μηδέν
489 1294 527 1350 ἔτι,
547 1295 641 1365 δεῆσαι
656 1295 690 1369 τῇ
703 1295 780 1350 πόλει
792 1294 848 1366 μή»

89 1402 113 1436 τε
129 1379 264 1455 ἁγνισμῶν
276 1380 341 1450 μήτε
354 1382 417 1435 νέου
431 1382 521 1453 πυρός.

153 1463 257 1524 LXIX.
278 1460 337 1519 Ἔτι
349 1462 377 1518 δέ
391 1463 722 1540 τούτουθαυμασιοίτερόν
732 1467 789 1520 ἐστι
802 1463 849 1520 καῖ

88 1549 171 1624 μύθῳ
194 1551 298 1620 μᾶλλον
310 1550 395 1612 ἐοικός
421 1543 533 1620 δμέλλω
545 1552 636 1623 λέγειν.
664 1552 851 1633 κατηγσρῆσαί

88 1637 148 1690 τινά
161 1656 246 1707 φασιν
260 1632 358 1696 άδίκονς
375 1634 437 1706 μιᾶς
451 1635 503 1688 τῶν
522 1637 667 1706 παρθένων
691 1637 743 1689 τῶν
770 1632 849 1711 ῖερῶν

91 1719 298 1793 Τυκίαςόνομα,
326 1717 483 1790 άφανιομδν
503 1720 551 1790 μέν
579 1719 663 1793 πυρός
688 1714 737 1774 οὖν
752 1717 848 1788 ἔχοντα

87 1808 237 1882 προφέρειν,
251 1801 333 1868 άλλας
346 1804 375 1859 δέ
386 1823 460 1868 τινας
479 1807 505 1869 έξ
523 1801 630 1859 εῖκότων
643 1803 788 1878 τεκμηρίων
801 1804 849 1861 καί

87 1891 239 1963 μαρτυριῶν
253 1884 401 1953 άποδείξεες
411 1890 528 1963 φέροντα
543 1883 593 1944 οὐκ
613 1885 740 1957 ἀληθεῖς·
759 1890 849 1944 κελευ-

87 1977 203 2030 σθεῖσαν
217 1967 246 2026 δ’
267 1971 468 2044 ἀπολογεῖσθαι
480 1976 529 2042 τὴν
541 1976 682 2047 παρθένον
695 1973 775 2029 τοῦτο
791 1975 848 2046 μό-

87 2077 134 2114 νον
147 2056 245 2124 εἰπεῖν,
273 2053 315 2114 ὅτι
328 2062 383 2122 τοῖς
396 2057 483 2132 έργοις
500 2055 667 2115 ἀπολύσεται
685 2059 733 2122 τάς
746 2056 848 2129 διαβο-

86 2145 148 2207 λάς·
174 2144 259 2198 ταῦτα
274 2139 303 2197 δ’
325 2139 455 2199 εῖποδοαν
468 2143 515 2198 καί
536 2145 584 2212 τίν
602 2145 671 2201 θεόν
689 2144 849 2200 ἐπικαλεσα-

86 2229 167 2301 μένην
181 2223 298 2303 ἡγεμόνα
310 2231 357 2303 τῆς
369 2227 436 2284 ὁδοῦ
449 2229 585 2303 γενέσθαι,
601 2228 730 2302 προάγειν
743 2227 789 2285 έπί
799 2229 847 2285 τόν

59 2342 62 2348 ’
91 2316 205 2388 Τίβεριν,
232 2315 429 2390 ἐπιτρεψάντων
450 2316 499 2387 μέν
512 2309 582 2389 αὐτῇ
600 2314 651 2368 τῶν
668 2310 844 2386 ἱεροφαντῶν,

89 2402 136 2455 τοῦ
164 2399 192 2454 δὲ
206 2400 274 2456 κατά
301 2400 349 2467 τήν
362 2399 438 2454 πόλιν
464 2397 544 2468 ὄχλου
569 2398 844 2472 συμπροπέμποντος·

87 2487 230 2559 γενομένην
250 2483 278 2538 δέ
292 2485 340 2540 τοῖν
354 2484 479 2555 ποταμοῖν
493 2483 606 2555 πλησίον
619 2485 649 2538 τό
670 2485 849 2557 παραιμιαζός

81 2590 169 2634 μενον
179 2573 210 2625 ἐν
223 2571 279 2631 τοῖς
292 2568 405 2647 πράτοις
418 2570 468 2623 τοῖν
482 2564 621 2625 άδυνάτων
634 2569 757 2640 τόλμημα
776 2566 850 2628 fmus
