1890 2970
146 119 423 188 ANTIQVITATVM
440 118 576 169 ROMAN.
593 120 657 170 ΗΒ.
670 119 713 171 VI.
765 129 815 184 351

55 246 122 304 γιον·
152 224 218 296 ,,Ώς
230 235 259 284 ἐκ
272 228 375 281 τούτων
387 221 420 279 ύίν
433 226 551 296 μάλιστα
566 223 691 282 δύναιντο
706 229 758 283 τῶν
776 231 817 284 λό-

57 335 131 384 ,,γων
152 315 331 386 καταμαθεῖν,
358 303 414 364 οἷαι
428 307 503 381 τιμαί
523 308 568 364 καί
590 311 693 385 χάριτες
721 307 820 378 αύτούς

60 394 254 466 ,,ὑποδὲξονται
267 396 449 457 κατελθόντας
462 389 498 457 εἷς
512 395 559 461 τήν
571 393 694 468 πατρίδα.
714 389 753 458 οἷς
766 401 817 468 γιίρ

58 485 104 552 ,,ἐν
118 479 191 554 οἷκμῇ
204 484 255 536 τῶν
275 479 365 535 δεινῶν
377 465 446 544 οὑσι,
474 477 520 533 καί
535 477 668 550 δεομένοις
682 483 727 550 τῆς
745 486 818 553 παριί

57 566 128 635 ,,τοὺ
143 564 228 636 δημου
241 564 385 637 βοηθείας,
404 558 450 617 καί
464 560 600 618 ἐπὶτοῦτο
615 559 736 633 ἥκουσιν,
756 560 819 622 οὑδὲ

57 645 819 725 ,,νὺνἐπέρχεταιμετρίουςκαίφιλανθρώπουςιιοιεῖσθαι

59 735 181 806 ,,λόγους,
209 735 269 789 τίνα
280 734 331 804 χρὴ
346 732 432 788 δοκεῖν
445 732 671 806 παραστήσεσθαι
685 731 817 799 διάνοιαν,

59 813 144 888 ,,ύταν
156 813 249 883 αὐτοῖς
262 812 318 872 κατ’
333 815 427 872 ἐλπίδα
436 815 546 889 χωρήσῃ
559 817 593 870 τοί
605 817 760 892 πράγματα,
774 817 819 874 καί

60 903 187 975 ,,γὲνηται
200 904 234 957 τοί
249 902 296 955 νῦν
323 898 484 973 ὑβριζόμενα
497 902 554 963 τοῖς
571 902 661 973 λόγοις
682 900 820 978 ὑποχείρια

59 989 135 1065 ,,τοῖς
147 985 249 1061 ἕργοιςς
263 986 343 1046 ποίας
356 983 539 1058 ὑπερηφανίας
551 979 649 1050 αύτούς
663 984 820 1058 οίφὲξεσθαι,

58 1071 161 1137 ,,ποίας
176 1067 273 1135 αίκίας,
287 1068 368 1131 ποίας
381 1063 517 1139 ὠμότητος
529 1072 689 1142 τυραννικῆς
695 1099 707 1138 ,·
725 1065 781 1126 ἄλλ’
797 1069 820 1125 εί

59 1154 127 1227 ,,μὲν
153 1153 216 1226 ὑμῖν
235 1151 339 1226 ἀπόχρη
366 1150 502 1206 δουλεύειν
515 1150 603 1207 πάντα
622 1153 669 1210 τόν
688 1157 737 1210 τοῖν
755 1155 820 1228 βίου

59 1239 174 1312 ,,χρύνον
189 1235 342 1309 δεδεμένους
364 1232 410 1290 καί
421 1226 660 1311 μίστιγουμὲνους,
687 1238 732 1294 καί
746 1239 818 1314 πυρί,

61 1319 129 1392 ,,καί
142 1321 248 1393 σιδήρῳ,
274 1318 320 1374 καί
332 1318 406 1392 λιμῷ,
426 1317 474 1374 καί
493 1320 566 1392 πείσῃ
580 1319 652 1394 λώβη
666 1318 817 1396 σίπολλυμί-

61 1423 152 1480 ,,νους,
165 1405 200 1474 μὴ
213 1403 316 1478 τρίβετε
329 1404 376 1458 τὸν
388 1404 490 1478 χρόνον,
512 1398 579 1458 ἄλλοί
592 1405 626 1460 τοί
639 1399 710 1460 δ’ττλα
723 1409 819 1480 ῥίψαν-

62 1510 121 1563 ,,τες
133 1487 178 1544 καί
191 1488 226 1544 τύ
236 1490 308 1562 χεῖρε
326 1487 544 1561 περιαγαγόντες,
571 1483 749 1544 οἷκολουθείτι
768 1487 820 1546 αύ-

61 1577 144 1641 ,,τσῖς.
174 1569 196 1628 εί
224 1571 252 1627 δὲ
264 1575 309 1642 τῆς
318 1572 471 1645 ἐλευθερίας
483 1568 582 1625 ἔνεστιν
596 1567 660 1671 ὑμῖν
672 1593 712 1638 τις
724 1574 821 1639 πόθος,

61 1659 117 1731 ,,μή
144 1654 297 1725 οίνοίσχεσθτ
322 1652 417 1714 αὐτῶν.
443 1653 517 1724 ὑμεῖς
534 1648 571 1719 τ’,
599 1676 620 1709 ω
640 1658 778 1729 πρέσβεις,
804 1654 821 1725 ἢ

63 1745 169 1817 ,,λίγετε
181 1736 227 1813 ἐφ’
241 1733 282 1803 οἷς
296 1742 398 1796 καλεῖτε
412 1735 480 1810 ἡμᾶς
499 1736 627 1804 δικαίοις,
654 1737 719 1814 ἢμὴ
733 1745 821 1814 λίγου-

62 1848 139 1895 ,,τες,
166 1830 193 1882 ἐκ
206 1828 251 1895 τῆς
263 1823 400 1894 ἐκκλησίας
411 1820 506 1879 ἄπιτε·
533 1817 567 1879 οὖ
578 1824 631 1900 γοίρ
644 1820 678 1879 ύίν
691 1823 730 1880 ἔτι
743 1846 820 1882 αττοι·

63 1911 193 1984 ,,δοίημεν
207 1908 269 1983 ὑμῖν
282 1911 373 1983 λόγου.
382 1910 400 1942 “

145 2058 356 2128 Agrippae
389 2057 560 2110 Μιπεπίτ
595 2061 739 2109 oratio.

130 2159 295 2220 LXXXIII.
318 2157 365 2227 Ὡς
384 2157 411 2218 δ’
431 2160 579 2230 ἐπαύσατο,
605 2165 702 2228 πάντες
715 2162 743 2218 οἱ
755 2185 822 2241 παρ-

63 2249 136 2312 όντες
162 2245 387 2320 ἐπεθορύβησαν,
414 2245 447 2311 ὥς
476 2248 510 2302 τοί
530 2246 624 2302 δέοντα
648 2249 822 2322 λελογισμένῳ

63 2332 333 2405 συγκατατιθέμενοι.
360 2327 405 2386 καί
430 2332 598 2403 μετοίτοὺτο,
625 2326 735 2402 ἡσυχίας
747 2353 821 2405 γενο-

61 2419 150 2491 μένης,
178 2414 308 2479 Μενίνιος
330 2409 481 2491 Ἀγρίππας,
508 2411 590 2490 ὅσπερ
607 2415 653 2473 καί
669 2416 731 2481 τούς
749 2420 776 2473 ἐν
789 2418 822 2490 τῇ

63 2499 151 2575 βουλῇ
176 2501 272 2572 λόγους
297 2498 363 2573 ὑπὲρ
390 2499 439 2555 τού
459 2499 545 2572 δήμου
563 2499 683 2568 διέθετο,
710 2501 755 2557 καί
773 2504 820 2557 τοὺ

64 2585 226 2657 πεμφθῆναι
252 2583 302 2652 τὴν
329 2580 517 2659 αὐτοκράτορα
547 2585 692 2662 πρεσβείαν
718 2584 824 2660 μίτρην
