1890 2970
160 108 580 178 ιοπιοιοσοπνοιοοοικιι
598 113 660 162 σοι
671 114 702 163 v
763 120 815 174 ῃ,

54 219 163 294 ,λέμοις
169 217 260 322 χώραν
275 239 301 273 οι
291 214 345 272 ’τδ
358 216 532 288 έλάχιστον’
517 238 619 288 εχοντες
637 238 686 273 τοο
671 219 769 316 βιου
777 241 813 273 τι·

54 351 70 375 ,
64 326 158 378 μημα,
174 324 219 359 και
233 323 276 357 οτι
294 302 454 406 προσθήκης
478 305 578 376 μοῖραν
605 304 710 372 ἐπεῖχον
737 291 813 358 οὗτοι

55 409 132 455 τοις
145 390 173 443 έν
185 387 306 461 φάλαγγι
329 389 503 461 τεταγμένοις,
532 383 751 455 καταπλήξεως“
736 407 811 440 ενεκα

55 473 128 541 ,τῶν
143 471 272 571 πολεμίων
296 472 427 536 συνόντες,
453 463 499 527 οἷα
524 471 557 540 δή
582 468 664 542 μηδὲν
690 471 811 546 φέροντες

56 550 212 626 ,ὅπλοη
196 576 238 609 οτι
250 576 286 628 μη
279 542 503 626 σφενδόνας,
483 576 519 610 ων
542 556 731 624 έλάχιστονέν
754 557 812 617 ταῖς

56 684 74 710 ,,
67 641 174 713 ,μάχαις
188 659 220 707 ην
234 638 337 711 ὄφελος.
741 681 743 685 .

122 720 251 779 LXVIII.
277 719 411 788 ,,Τούςδ’
434 721 569 795 οἰκτείρειν
594 743 641 790 την
654 722 748 778 πενιαν
761 742 812 776 των

57 802 224 876 ,,πολιτοῖν’
206 808 352 874 αξιοῦντας,
371 807 417 864 καῖ
435 809 553 882 βοηθεῖν
572 809 627 869 τοῖς
643 827 693 907 μην
673 805 812 877 δυναμέ-

57 912 133 960 ,νοις
147 891 270 948 διαλυσαι
295 891 329 945 τά
351 893 418 966 χρέα
443 911 650 992 παραινονντας,
678 886 728 992 ἔφη
757 889 812 944 δεῖν

57 976 210 1045 ἐξετάζειν,
224 977 251 1031 τέ
264 996 329 1031 ποτε
342 977 372 1031 τδ
387 978 531 1046 πεποιηκὸς
557 996 590 1042 ην
616 970 714 1038 αὖτοὺς
738 971 809 1029 σῖπά

56 1103 74 1127 ,,
69 1080 149 1135 ρους,
156 1061 268 1134 κλήρους
280 1079 307 1114 τε
318 1052 575 1136 παραλαβόντας“
539 1079 587 1126 ους
600 1057 627 1114 οῖ
639 1059 746 1135 πατέρες
759 1053 811 1115 αὗ-

56 1147 131 1213 ,τῶν
158 1147 308 1209 κατέλιπον,
335 1143 382 1199 καὶ
404 1141 460 1200 οῖπά
484 1145 535 1200 τῶν
561 1145 704 1218 στρατειῶν
728 1144 813 1199 πολλά

56 1225 271 1299 ,ὠφεληθέντας
284 1225 331 1282 καῖ
349 1230 499 1282 τελευταῖον
511 1231 540 1283 ἐκ
564 1231 610 1295 τῆς
635 1227 813 1298 δημευθείσης

58 1315 129 1380 ,τοῖν
143 1313 277 1386 τυράννων
302 1304 400 1375 οδσίας
421 1313 470 1381 τήν
491 1312 688 1384 ἐπιβάλλουσαν
714 1313 813 1384 μοῖραν

57 1397 224 1468 ,λαβόντας
238 1390 326 1451 ἔπειθ’
340 1389 387 1461 οὓς
399 1396 447 1467 μέν
459 1391 493 1452 άν
518 1395 600 1471 δρῶσι
612 1395 644 1468 τῇ
657 1392 754 1470 γαστρὶ
768 1393 813 1449 καὶ

58 1483 137 1548 ,ταῖς
162 1477 309 1548 αἰσχίσταις
332 1479 454 1549 ἐζηκότας
466 1475 582 1549 ήδοναῖς,
608 1477 654 1534 καῖ
668 1477 712 1533 διά
725 1478 812 1533 ταῦτα

58 1565 276 1638 ,ἐκπεπτωκότας
298 1567 325 1619 έκ
339 1565 391 1619 τοῖν
404 1565 479 1638 βίων,
495 1561 620 1633 αῖσχάνας
645 1566 690 1632 τῆς
714 1563 811 1624 πόλεως

57 1649 192 1721 ,νομίζειν
205 1647 249 1703 καῖ
262 1649 375 1722 βλάβας,
388 1645 435 1703 καῖ
445 1650 514 1723 μέγα
527 1645 563 1711 εἷς
575 1649 606 1701 τά
621 1648 711 1702 κοινάν
722 1646 811 1746 κέρδος

57 1731 286 1805 ,ὑπολαμβάνειη
309 1730 534 1797 έάνέκάντεςάπό
550 1733 596 1799 τής
621 1727 762 1794 πόλεως
744 1753 813 1786 απο-

57 1859 75 1885 ,
68 1819 234 1892 ,φθαρῶσιν-
244 1811 291 1881 οῖς
305 1810 359 1870 δ”
341 1837 375 1871 αν
389 1818 541 1873 αἴσθωνται
555 1813 812 1919 διάπονηρρῖντὺχην

56 1898 274 1970 ,άπολωλεκάτας
287 1899 349 1966 τούς
364 1899 449 1973 βίους,
462 1905 491 1957 έκ
504 1903 555 1956 τῶν
569 1897 643 1956 ῖδίιεν
656 1899 768 1963 τούτους
782 1888 812 1954 εὗ

56 1988 174 2052 ,ποιεῖν
197 1980 294 2086 άριστα
320 1983 350 2039 δε
364 1984 408 2041 και
430 1988 510 2040 τοῦτο
536 1983 582 2041 και
605 1985 742 2059 γινώσκειν
766 1982 812 2038 καὶ

57 2068 202 2138 ,ποιήσειν
217 2067 295 2139 ἔφησε
319 2089 382 2132 τους
394 2070 613 2143 συμβεβληκότας
639 2064 739 2135 αὐτοῖς,
767 2089 813 2122 και

56 2153 227 2225 ,βοηθήσειν
241 2150 328 2208 αὐτῶν
340 2155 399 2218 ταῖς
409 2154 499 2224 τάχαις
512 2148 612 2215 αὗτούς
623 2154 746 2218 έκεῖνους,
762 2146 811 2204 οῦκ

57 2235 299 2308 ,άναγκασθέντας
322 2233 368 2309 ὑφ’
386 2240 487 2311 ἑτέρων,
515 2232 570 2292 ἄλλ’
584 2237 698 2301 ἑκόντας,
713 2230 746 2290 ἵν’
763 2229 811 2288 αδ-

58 2325 133 2388 ,,τοῖς
145 2317 162 2420 ή
172 2322 251 2396 χάρις
263 2318 322 2375 άντῖ
334 2322 385 2376 τῶν
406 2322 550 2396 χρημάτων
572 2321 654 2375 καλὸν
678 2316 811 2390 ὀφείλημα

56 2407 164 2489 ,περιή
193 2405 284 2472 κοινήν
306 2404 334 2459 δέ
356 2409 444 2462 ποιεῖν
469 2406 517 2474 τήν
541 2398 719 2477 βοήθειαν
700 2423 808 2469 απασιν,

56 2532 74 2556 ,,
68 2487 107 2556 ,ής
120 2489 218 2554 ἒξῖσοιι
229 2487 430 2562 μεθέξουσιν“
404 2511 430 2545 οι
456 2488 570 2562 πονηροὶ
595 2490 652 2553 τοῖς
674 2490 808 2562 χρηστοῖς,

56 2573 119 2641 ,καλ
132 2594 168 2645 μη
160 2573 274 2630 ἐκτῶν
289 2569 371 2640 ἰδίων,
395 2569 449 2630 ἄλλ’
469 2576 498 2630 ἐκ
482 2575 568 2630 κτῶν
582 2569 725 2650 άλλοτρίοιν
739 2592 820 2631 τινας

833 2704 892 2784 ι’
