1890 2970
58 116 61 122 ’
153 110 425 181 ANTIQVITATVM
440 115 574 169 ROMAN.
594 119 711 171 LIB.VI.
762 128 812 180 269

55 222 190 295 „110qu
203 219 382 294 βουλεύματα,
399 208 418 275 ὦ
436 216 611 288 Οάολοΰσκοι,
623 228 748 297 χρηστοῖς
761 223 811 296 ἀμ-

54 309 215 379 ,,φιε’σαντες
226 306 315 379 λόγοις
328 298 415 373 ἥκετε·
435 303 481 361 καῖ
493 308 625 378 ,πολεμίων
643 305 706 380 ἔργα
724 311 812 381 πρότ-

55 411 173 458 ,,τοντες,
188 388 271 460 φίλων
284 388 471 458 ἐξενέγκασθαι
481 390 615 462 βούλεσθε
629 389 715 454 δόξαν.
736 392 812 466 ὑμεῖς

55 477 128 548 ,,γάρ
143 471 295 530 ἀπέσταλθε
309 471 421 528 ἀπὸτοῦ
434 476 526 530 κοινοῦ
538 476 666 538 Λατίνοις
675 478 810 548 συμμαχή-

55 599 74 625 ,,
79 578 168 622 σοντες
182 551 275 612 καθΗ
262 559 342 658 τρμῶν·
355 559 412 613 ἐπει
402 554 483 612 Νόὲ
465 579 573 630 υστεροι
586 564 630 630 τῆς
641 562 727 632 μοίχης
739 557 812 629 ἥκετε

55 641 123 710 ,,καὶ
139 642 333 716 κρατουμένους
347 637 443 705 αιῖτούς
455 642 550 740 οριῖτε,
565 643 812 719 παρακρούσασθαι

57 769 76 795 ,,
69 721 240 799 ,βοόλεοθι’
227 726 300 796 ημυῖς,
307 721 434 781 τάναντία
448 746 483 779 ων
504 729 620 799 ἐμέλλετε
632 730 758 801 πράττειν
771 731 811 785 λε’-

58 831 175 884 ,,γοντες
202 810 247 866 καλ
270 804 362 864 αἰόλ’
347 831 363 877 η
382 812 574 885 φιλανθρωπία
598 813 650 866 τῶν
675 809 794 884 λόγων“
778 834 810 881 ην

58 897 230 963 ,,πλοίττεσθε
257 891 323 967 πρός
342 895 388 946 τόν
414 896 536 967 παρόντα
560 897 668 968 καιρόν,
695 892 757 951 οάόὲ
780 900 810 952 τό

56 979 253 1052 ,προσποίημα
267 977 339 1048 ὑμῶν
350 982 396 1049 τῆς
416 977 495 1052 ιλειῖρο
514 977 624 1050 ἀφίξεως
649 977 720 1051 ὑγιές
732 984 810 1047 ἐστιν,

57 1060 144 1130 ,ἀλλά
156 1063 255 1136 μεστόν
269 1060 349 1116 όόλου
362 1062 406 1118 καῖ
420 1060 531 1134 ἀπάτης.
540 1058 811 1137 οόγσλρσυνησθησό-

57 1150 220 1218 ,,μενοιτοῖς
239 1142 358 1218 ἀγαθοῖς
382 1149 438 1209 τοῖς
463 1143 596 1222 ἡμετέροις
620 1150 809 1216 ἐξαπέσταλθε,

57 1229 145 1300 ,ἀλλά
159 1231 391 1300 κατασκεψόμενοι
399 1232 454 1296 πῶς
466 1227 529 1303 ἡμῖν
542 1227 685 1298 ἀσθενείας
698 1231 715 1300 ἢ
730 1233 810 1288 όυνά-

58 1336 143 1385 ,μεως
155 1317 188 1370 τοί
203 1315 348 1389 πράγματα
361 1313 424 1379 ἔχει·
450 1315 496 1368 καί
513 1318 570 1372 ἐστε
590 1317 751 1389 πρεσβευταί
763 1320 810 1389 μὲν

58 1401 158 1473 ,,λο’γφ,
177 1400 344 1454 κατάσκοποι
358 1393 386 1451 δ’
406 1396 501 1471 ἔργων’
522 1396 691 1471 ἀρνουμένων
705 1399 733 1454 όὲ
746 1403 810 1472 πρός

58 1482 166 1538 ἅπαντα
189 1485 240 1537 τῶν
259 1479 375 1555 ἀνδρῶν,
404 1477 436 1536 οὔ
457 1482 500 1539 ιλιοί
513 1486 622 1588 μακροῦ
650 1486 696 1552 τὴν
720 1484 810 1538 πίστιν

57 1568 155 1636 ἔφησεν
168 1562 260 1628 αιῖτοῖς
279 1568 456 1638 παρέξεσθαι·
476 1566 522 1623 καὶ
536 1564 633 1623 αὖτίκα
647 1569 693 1632 τοῖς
706 1571 809 1623 ἐπιστο

58 1653 104 1715 λιλς
117 1647 212 1717 αὐτῶν,
241 1671 276 1714 ας
292 1649 368 1722 ἔλαβε
386 1650 440 1726 πρό
460 1654 505 1721 τῆς
525 1653 607 1723 μα’γης
621 1654 675 1717 τοῖς
699 1647 810 1750 ἡγεμόσι

58 1739 110 1792 τῶν
122 1737 245 1790 Λατίνων
257 1737 427 1838 φερομένας,
432 1738 460 1790 ἐν
474 1739 515 1798 αῖς
530 1735 705 1804 ὑπισχνοῦντο
719 1731 809 1801 αὐτοῖς

56 1825 169 1891 πέμπειν
182 1821 346 1893 ἐπικουρίαν,
361 1817 517 1891 προήνεγκε,
539 1819 662 1885 καὶτοὺς
680 1822 809 1894 φέροντας

57 1900 139 1966 αιῖτός
148 1903 328 1976 προσήγαγεν.
341 1899 568 1974 ἀναγνωσθέντων
582 1903 609 1959 δὲ
623 1907 673 1960 τῶν
682 1906 811 1980 γραμμαί-

56 2010 116 2054 των,
138 1986 182 2043 καὶ
194 1990 244 2043 τῶν
262 1986 441 2059 αἰχμαλώτων
457 1983 489 2052 ἀς
513 1987 610 2061 ἔλαβον
635 1992 740 2052 ἐντολαῖς
755 1989 810 2058 διη-

56 2075 219 2148 γησαμένων,
230 2073 261 2127 τό
274 2074 323 2143 μὲν
336 2074 441 2142 πλῆθος
454 2067 556 2144 ὥρμησε
562 2073 656 2143 βαλεῖν
669 2075 730 2136 τοὺς
741 2068 810 2129 0130-

56 2154 230 2221 λοίιοκουςιοῖς
242 2158 388 2220 ἑαλωκότας
397 2150 438 2211 ἐπ’
453 2155 602 2228 αὐτοφώρῳ
614 2159 808 2222 κατασκόπους·

58 2240 116 2297 όόὲ
130 2239 303 2312 Ποστοόμιος
316 2237 366 2296 οὐκ
389 2234 455 2314 ᾤετο
476 2239 530 2295 δεῖν
548 2240 657 2312 ὁμοίους
680 2242 810 2315 γίνεσθαι

58 2329 112 2390 τοῖς
125 2328 218 2390 κακοῖς
231 2325 291 2389 τούς
305 2321 443 2398 ἀγαθούς·
453 2319 661 2398 1ιιρεῖττονέῖναι
671 2326 750 2399 λε’γιον
765 2323 810 2380 καῖ

56 2409 306 2486 μεγαλοψυχότερον
324 2407 360 2474 εἷς
373 2408 435 2473 τοῖς
447 2405 656 2474 ἀποστείλαντας
669 2408 808 2480 φυλάττειν

58 2495 107 2563 τὴν
119 2490 209 2569 ἀργήν,
229 2490 246 2561 ἢ
263 2495 299 2560 είς
320 2493 384 2559 ,τοὺς
406 2489 616 2557 ἀποσταλέντας·
643 2490 689 2549 καῖ
709 2491 754 2550 όιά
776 2496 807 2550 τό

58 2580 175 2653 φανερόν
187 2577 273 2652 ὄνομα
286 2580 331 2647 τῆς
344 2578 485 2656 πρεσβείας
498 2575 609 2651 ἀφεῖναι
627 2578 690 2643 τοὺς
707 2570 807 2653 ἀνόρας
