<?xml version="1.0" encoding="UTF-8"?>
<!DOCTYPE html PUBLIC "-//W3C//DTD XHTML 1.0 Transitional//EN"
    "http://www.w3.org/TR/xhtml1/DTD/xhtml1-transitional.dtd">
<html xmlns="http://www.w3.org/1999/xhtml" xml:lang="en" lang="en">
 <head>
  <title>
</title>
<meta http-equiv="Content-Type" content="text/html;charset=utf-8" />
  <meta name='ocr-system' content='tesseract 3.04.00' />
  <meta name='ocr-capabilities' content='ocr_page ocr_carea ocr_par ocr_line ocrx_word'/>
</head>
<body>
  <div class='ocr_page' id='page_1' title='image "./operaomnia00diongoog_0662.png"; bbox 0 0 1890 2970; ppageno 0'>
   <div class='ocr_carea' id='block_1_1' title="bbox 140 107 778 171">
    <p class='ocr_par' dir='ltr' id='par_1_1' title="bbox 140 107 778 171">
     <span class='ocr_line' id='line_1_1' title="bbox 140 107 778 171; baseline -0.006 -9"><span class='ocrx_word' id='word_1_1' title='bbox 140 115 190 171; x_wconf 83' lang='lat'><strong><em>176</em></strong></span> <span class='ocrx_word' id='word_1_2' title='bbox 258 108 418 160; x_wconf 86' lang='lat' dir='ltr'>DIONYSII</span> <span class='ocrx_word' id='word_1_3' title='bbox 436 107 778 160; x_wconf 84' lang='lat' dir='ltr'><strong>HALICARNASSENSIS</strong></span> 
     </span>
    </p>
   </div>
   <div class='ocr_carea' id='block_1_2' title="bbox 134 207 901 2645">
    <p class='ocr_par' dir='ltr' id='par_1_2' title="bbox 134 207 901 2645">
     <span class='ocr_line' id='line_1_2' title="bbox 141 207 898 291; baseline 0.001 -19"><span class='ocrx_word' id='word_1_4' title='bbox 141 213 188 272; x_wconf 82' lang='grc' dir='ltr'><strong><em>καί</em></strong></span> <span class='ocrx_word' id='word_1_5' title='bbox 204 215 251 270; x_wconf 88' lang='grc' dir='ltr'><strong><em>τδν</em></strong></span> <span class='ocrx_word' id='word_1_6' title='bbox 270 214 382 288; x_wconf 76' lang='grc' dir='ltr'><strong><em>βασιλέα</em></strong></span> <span class='ocrx_word' id='word_1_7' title='bbox 394 213 562 291; x_wconf 75' lang='grc' dir='ltr'><strong><em>παροξύνων,</em></strong></span> <span class='ocrx_word' id='word_1_8' title='bbox 588 213 621 278; x_wconf 83' lang='grc' dir='ltr'><strong><em>ὧς</em></strong></span> <span class='ocrx_word' id='word_1_9' title='bbox 638 213 840 287; x_wconf 73' lang='grc' dir='ltr'><strong><em>ἐξαπατώμενον</em></strong></span> <span class='ocrx_word' id='word_1_10' title='bbox 854 207 898 273; x_wconf 71' lang='grc' dir='ltr'><strong><em>ὕπ’</em></strong></span> 
     </span>
     <span class='ocr_line' id='line_1_3' title="bbox 143 294 899 374; baseline 0.001 -19"><span class='ocrx_word' id='word_1_11' title='bbox 143 298 294 374; x_wconf 84' lang='grc' dir='ltr'><strong><em>άνθρὼιιων</em></strong></span> <span class='ocrx_word' id='word_1_12' title='bbox 306 301 414 366; x_wconf 89' lang='grc' dir='ltr'><strong><em>δολίων,</em></strong></span> <span class='ocrx_word' id='word_1_13' title='bbox 428 299 511 372; x_wconf 86' lang='grc' dir='ltr'><strong><em>μηδέν</em></strong></span> <span class='ocrx_word' id='word_1_14' title='bbox 524 301 661 374; x_wconf 76' lang='grc' dir='ltr'><strong><em>προσέχειν</em></strong></span> <span class='ocrx_word' id='word_1_15' title='bbox 680 294 781 364; x_wconf 82' lang='grc' dir='ltr'><strong><em>αδτοῖς.</em></strong></span> <span class='ocrx_word' id='word_1_16' title='bbox 799 295 899 356; x_wconf 85' lang='grc' dir='ltr'><strong><em>άτιολο·</em></strong></span> 
     </span>
     <span class='ocr_line' id='line_1_4' title="bbox 141 379 901 458; baseline 0.001 -18"><span class='ocrx_word' id='word_1_17' title='bbox 141 387 274 458; x_wconf 85' lang='grc' dir='ltr'><strong><em>γουμένοιι</em></strong></span> <span class='ocrx_word' id='word_1_18' title='bbox 289 384 316 441; x_wconf 90' lang='grc' dir='ltr'><strong><em>δέ</em></strong></span> <span class='ocrx_word' id='word_1_19' title='bbox 329 387 378 441; x_wconf 78' lang='grc' dir='ltr'><strong><em>τοῦ</em></strong></span> <span class='ocrx_word' id='word_1_20' title='bbox 390 383 510 450; x_wconf 78' lang='grc' dir='ltr'><strong><em>ὑπάτου,</em></strong></span> <span class='ocrx_word' id='word_1_21' title='bbox 530 382 575 440; x_wconf 81' lang='grc' dir='ltr'><strong><em>καὶ</em></strong></span> <span class='ocrx_word' id='word_1_22' title='bbox 587 386 616 439; x_wconf 89' lang='grc' dir='ltr'><strong><em>τδ</em></strong></span> <span class='ocrx_word' id='word_1_23' title='bbox 631 381 708 456; x_wconf 73' lang='grc' dir='ltr'><strong><em>ἔργον</em></strong></span> <span class='ocrx_word' id='word_1_24' title='bbox 721 387 748 449; x_wconf 86' lang='grc' dir='ltr'><strong><em>ἐξ</em></strong></span> <span class='ocrx_word' id='word_1_25' title='bbox 760 379 849 440; x_wconf 77' lang='grc' dir='ltr'><strong><em>αὖιιέιν</em></strong></span> <span class='ocrx_word' id='word_1_26' title='bbox 862 388 901 441; x_wconf 88' lang='grc' dir='ltr'><strong><em>λέ·</em></strong></span> 
     </span>
     <span class='ocr_line' id='line_1_5' title="bbox 142 462 899 543; baseline 0 -19"><span class='ocrx_word' id='word_1_27' title='bbox 142 489 236 542; x_wconf 88' lang='grc' dir='ltr'><strong><em>γοντος</em></strong></span> <span class='ocrx_word' id='word_1_28' title='bbox 249 462 318 525; x_wconf 81' lang='grc' dir='ltr'><strong><em>εἶναι</em></strong></span> <span class='ocrx_word' id='word_1_29' title='bbox 332 472 382 525; x_wconf 84' lang='grc' dir='ltr'><strong><em>τῶν</em></strong></span> <span class='ocrx_word' id='word_1_30' title='bbox 396 470 547 542; x_wconf 87' lang='grc' dir='ltr'><strong><em>παρθένων,</em></strong></span> <span class='ocrx_word' id='word_1_31' title='bbox 576 467 635 537; x_wconf 87' lang='grc' dir='ltr'><strong><em>δίχα</em></strong></span> <span class='ocrx_word' id='word_1_32' title='bbox 648 472 695 538; x_wconf 78' lang='grc' dir='ltr'><strong><em>τῆς</em></strong></span> <span class='ocrx_word' id='word_1_33' title='bbox 707 469 835 543; x_wconf 71' lang='grc' dir='ltr'><strong><em>ἐπιταγῆς</em></strong></span> <span class='ocrx_word' id='word_1_34' title='bbox 847 471 899 524; x_wconf 83' lang='grc' dir='ltr'><strong><em>τῶν</em></strong></span> 
     </span>
     <span class='ocr_line' id='line_1_6' title="bbox 142 547 899 627; baseline -0.001 -17"><span class='ocrx_word' id='word_1_35' title='bbox 142 555 272 627; x_wconf 90' lang='grc' dir='ltr'><strong><em>πατέρων,</em></strong></span> <span class='ocrx_word' id='word_1_36' title='bbox 287 552 333 609; x_wconf 84' lang='grc' dir='ltr'><strong><em>καί</em></strong></span> <span class='ocrx_word' id='word_1_37' title='bbox 346 555 375 608; x_wconf 88' lang='grc' dir='ltr'><strong><em>ιδ</em></strong></span> <span class='ocrx_word' id='word_1_38' title='bbox 389 555 485 609; x_wconf 88' lang='grc' dir='ltr'><strong><em>πιστδν</em></strong></span> <span class='ocrx_word' id='word_1_39' title='bbox 497 547 546 608; x_wconf 79' lang='grc' dir='ltr'><strong><em>οὔκ</em></strong></span> <span class='ocrx_word' id='word_1_40' title='bbox 560 549 595 616; x_wconf 81' lang='grc' dir='ltr'><strong><em>εἷς</em></strong></span> <span class='ocrx_word' id='word_1_41' title='bbox 612 553 720 625; x_wconf 90' lang='grc' dir='ltr'><strong><em>μακράν</em></strong></span> <span class='ocrx_word' id='word_1_42' title='bbox 734 555 899 627; x_wconf 74' lang='grc' dir='ltr'><strong><em>παρέξεσθαι</em></strong></span> 
     </span>
     <span class='ocr_line' id='line_1_7' title="bbox 142 632 899 712; baseline -0.001 -18"><span class='ocrx_word' id='word_1_43' title='bbox 142 640 271 712; x_wconf 84' lang='grc' dir='ltr'><strong><em>λέγοντος,</em></strong></span> <span class='ocrx_word' id='word_1_44' title='bbox 287 636 353 712; x_wconf 81' lang='grc' dir='ltr'><strong><em>ὑπὲρ</em></strong></span> <span class='ocrx_word' id='word_1_45' title='bbox 365 639 414 692; x_wconf 80' lang='grc' dir='ltr'><strong><em>τοῦ</em></strong></span> <span class='ocrx_word' id='word_1_46' title='bbox 424 636 514 709; x_wconf 87' lang='grc' dir='ltr'><strong><em>μηδέν</em></strong></span> <span class='ocrx_word' id='word_1_47' title='bbox 527 639 553 700; x_wconf 84' lang='grc' dir='ltr'><strong><em>ἐξ</em></strong></span> <span class='ocrx_word' id='word_1_48' title='bbox 565 637 709 708; x_wconf 81' lang='grc' dir='ltr'><strong><em>ἐπιβουλῆς</em></strong></span> <span class='ocrx_word' id='word_1_49' title='bbox 727 632 774 709; x_wconf 76' lang='grc' dir='ltr'><strong><em>ὑφ’</em></strong></span> <span class='ocrx_word' id='word_1_50' title='bbox 798 639 899 693; x_wconf 80' lang='grc' dir='ltr'><strong><em>ἑαυτῶν</em></strong></span> 
     </span>
     <span class='ocr_line' id='line_1_8' title="bbox 140 717 899 797; baseline 0 -20"><span class='ocrx_word' id='word_1_51' title='bbox 140 723 308 797; x_wconf 78' lang='grc' dir='ltr'><strong><em>πεπρᾶχθαι,</em></strong></span> <span class='ocrx_word' id='word_1_52' title='bbox 328 719 448 786; x_wconf 83' lang='grc' dir='ltr'><strong><em>πεισθείς</em></strong></span> <span class='ocrx_word' id='word_1_53' title='bbox 461 720 476 775; x_wconf 83' lang='grc' dir='ltr'><strong><em>ά</em></strong></span> <span class='ocrx_word' id='word_1_54' title='bbox 488 721 619 793; x_wconf 76' lang='grc' dir='ltr'><strong><em>βασιλεῦς,</em></strong></span> <span class='ocrx_word' id='word_1_55' title='bbox 647 721 827 796; x_wconf 77' lang='grc' dir='ltr'><strong><em>συνεχώρησεν</em></strong></span> <span class='ocrx_word' id='word_1_56' title='bbox 846 717 899 777; x_wconf 80' lang='grc' dir='ltr'><strong><em>οὗ·</em></strong></span> 
     </span>
     <span class='ocr_line' id='line_1_9' title="bbox 140 801 899 880; baseline 0 -19"><span class='ocrx_word' id='word_1_57' title='bbox 140 806 176 880; x_wconf 74' lang='grc' dir='ltr'><strong><em>τῷ</em></strong></span> <span class='ocrx_word' id='word_1_58' title='bbox 190 806 351 878; x_wconf 80' lang='grc' dir='ltr'><strong><em>πορευθέντι</em></strong></span> <span class='ocrx_word' id='word_1_59' title='bbox 363 806 409 868; x_wconf 90' lang='grc' dir='ltr'><strong><em>τάς</em></strong></span> <span class='ocrx_word' id='word_1_60' title='bbox 422 805 575 879; x_wconf 79' lang='grc' dir='ltr'><strong><em>παρθένους</em></strong></span> <span class='ocrx_word' id='word_1_61' title='bbox 587 801 708 877; x_wconf 80' lang='grc' dir='ltr'><strong><em>άγαγείν,</em></strong></span> <span class='ocrx_word' id='word_1_62' title='bbox 718 804 752 870; x_wconf 85' lang='grc' dir='ltr'><strong><em>ὡς</em></strong></span> <span class='ocrx_word' id='word_1_63' title='bbox 767 803 899 876; x_wconf 76' lang='grc' dir='ltr'><strong><em>ὑπισχνεῖ-</em></strong></span> 
     </span>
     <span class='ocr_line' id='line_1_10' title="bbox 140 884 897 964; baseline 0 -20"><span class='ocrx_word' id='word_1_64' title='bbox 140 912 179 946; x_wconf 90' lang='grc' dir='ltr'><strong><em>το.</em></strong></span> <span class='ocrx_word' id='word_1_65' title='bbox 211 884 353 964; x_wconf 80' lang='grc' dir='ltr'><strong><em>Οὗαλέριος</em></strong></span> <span class='ocrx_word' id='word_1_66' title='bbox 369 890 417 962; x_wconf 81' lang='grc' dir='ltr'><strong><em>μὲν</em></strong></span> <span class='ocrx_word' id='word_1_67' title='bbox 432 889 463 958; x_wconf 77' lang='grc' dir='ltr'><em>δὴ</em></span> <span class='ocrx_word' id='word_1_68' title='bbox 477 889 524 953; x_wconf 87' lang='grc' dir='ltr'><strong><em>τάς</em></strong></span> <span class='ocrx_word' id='word_1_69' title='bbox 536 890 693 963; x_wconf 87' lang='grc' dir='ltr'><strong><em>παρθένους</em></strong></span> <span class='ocrx_word' id='word_1_70' title='bbox 707 884 775 954; x_wconf 81' lang='grc' dir='ltr'><strong><em>άξων</em></strong></span> <span class='ocrx_word' id='word_1_71' title='bbox 800 885 897 962; x_wconf 75' lang='grc' dir='ltr'><strong><em>ρίχετο·</em></strong></span> 
     </span>
     <span class='ocr_line' id='line_1_11' title="bbox 145 965 896 1046; baseline 0.001 -18"><span class='ocrx_word' id='word_1_72' title='bbox 145 972 292 1046; x_wconf 80' lang='grc' dir='ltr'><strong><em>Ταρκδνιος</em></strong></span> <span class='ocrx_word' id='word_1_73' title='bbox 312 972 403 1028; x_wconf 81' lang='grc' dir='ltr'><strong><em>δὲκαὶ</em></strong></span> <span class='ocrx_word' id='word_1_74' title='bbox 426 973 442 1028; x_wconf 87' lang='grc' dir='ltr'><strong><em>δ</em></strong></span> <span class='ocrx_word' id='word_1_75' title='bbox 461 972 587 1042; x_wconf 76' lang='grc' dir='ltr'><strong><em>κηδεστής</em></strong></span> <span class='ocrx_word' id='word_1_76' title='bbox 613 965 697 1028; x_wconf 80' lang='grc' dir='ltr'><strong><em>αὗτοῖν</em></strong></span> <span class='ocrx_word' id='word_1_77' title='bbox 711 975 762 1029; x_wconf 84' lang='grc' dir='ltr'><strong><em>τῶν</em></strong></span> <span class='ocrx_word' id='word_1_78' title='bbox 788 974 896 1029; x_wconf 85' lang='grc' dir='ltr'><strong><em>δικαίων</em></strong></span> 
     </span>
     <span class='ocr_line' id='line_1_12' title="bbox 141 1054 897 1131; baseline 0 -19"><span class='ocrx_word' id='word_1_79' title='bbox 141 1055 315 1131; x_wconf 77' lang='grc' dir='ltr'><strong><em>ὕπεριδάντες,</em></strong></span> <span class='ocrx_word' id='word_1_80' title='bbox 330 1058 467 1130; x_wconf 78' lang='grc' dir='ltr'><strong><em>πράγματι</em></strong></span> <span class='ocrx_word' id='word_1_81' title='bbox 481 1055 677 1129; x_wconf 78' lang='grc' dir='ltr'><strong><em>ἐπεβούλευσαν</em></strong></span> <span class='ocrx_word' id='word_1_82' title='bbox 691 1054 800 1130; x_wconf 83' lang='grc' dir='ltr'><strong><em>άνοοίρι,</em></strong></span> <span class='ocrx_word' id='word_1_83' title='bbox 816 1061 897 1127; x_wconf 78' lang='grc' dir='ltr'><strong><em>λόγον</em></strong></span> 
     </span>
     <span class='ocr_line' id='line_1_13' title="bbox 142 1139 896 1220; baseline 0.003 -24"><span class='ocrx_word' id='word_1_84' title='bbox 142 1139 347 1215; x_wconf 77' lang='grc' dir='ltr'><strong><em>ὑποπέμψαντες</em></strong></span> <span class='ocrx_word' id='word_1_85' title='bbox 359 1139 394 1203; x_wconf 85' lang='grc' dir='ltr'><strong><em>εἷς</em></strong></span> <span class='ocrx_word' id='word_1_86' title='bbox 407 1143 455 1211; x_wconf 72' lang='grc' dir='ltr'><strong><em>τὴν</em></strong></span> <span class='ocrx_word' id='word_1_87' title='bbox 466 1139 532 1196; x_wconf 86' lang='grc' dir='ltr'><strong><em>δδόν</em></strong></span> <span class='ocrx_word' id='word_1_88' title='bbox 551 1139 659 1206; x_wconf 81' lang='grc' dir='ltr'><strong><em>ἱππέων,</em></strong></span> <span class='ocrx_word' id='word_1_89' title='bbox 680 1142 727 1206; x_wconf 88' lang='grc' dir='ltr'><strong><em>τάς</em></strong></span> <span class='ocrx_word' id='word_1_90' title='bbox 746 1161 772 1197; x_wconf 85' lang='grc' dir='ltr'><strong><em>τι</em></strong></span> <span class='ocrx_word' id='word_1_91' title='bbox 785 1144 896 1220; x_wconf 59' lang='grc' dir='ltr'><strong><em>παρθέ1</em></strong></span> 
     </span>
     <span class='ocr_line' id='line_1_14' title="bbox 141 1220 897 1299; baseline 0.001 -19"><span class='ocrx_word' id='word_1_92' title='bbox 141 1245 203 1290; x_wconf 92' lang='grc' dir='ltr'><strong><em>νους</em></strong></span> <span class='ocrx_word' id='word_1_93' title='bbox 228 1223 349 1299; x_wconf 82' lang='grc' dir='ltr'><strong><em>ἁρπάσαι</em></strong></span> <span class='ocrx_word' id='word_1_94' title='bbox 362 1226 409 1289; x_wconf 89' lang='grc' dir='ltr'><strong><em>τάς</em></strong></span> <span class='ocrx_word' id='word_1_95' title='bbox 432 1222 571 1298; x_wconf 85' lang='grc' dir='ltr'><strong><em>άγομένοις,</em></strong></span> <span class='ocrx_word' id='word_1_96' title='bbox 598 1223 642 1280; x_wconf 84' lang='grc' dir='ltr'><strong><em>καί</em></strong></span> <span class='ocrx_word' id='word_1_97' title='bbox 656 1220 823 1281; x_wconf 73' lang='grc' dir='ltr'><strong><em>τδνίίπατον</em></strong></span> <span class='ocrx_word' id='word_1_98' title='bbox 849 1225 897 1283; x_wconf 84' lang='grc' dir='ltr'><strong><em>καί</em></strong></span> 
     </span>
     <span class='ocr_line' id='line_1_15' title="bbox 141 1305 898 1390; baseline 0.001 -26"><span class='ocrx_word' id='word_1_99' title='bbox 141 1309 203 1373; x_wconf 82' lang='grc' dir='ltr'><strong><em>τούς</em></strong></span> <span class='ocrx_word' id='word_1_100' title='bbox 216 1305 312 1375; x_wconf 89' lang='grc' dir='ltr'><strong><em>άλλους</em></strong></span> <span class='ocrx_word' id='word_1_101' title='bbox 336 1311 399 1374; x_wconf 85' lang='grc' dir='ltr'><strong><em>τοιλς</em></strong></span> <span class='ocrx_word' id='word_1_102' title='bbox 411 1307 456 1365; x_wconf 82' lang='grc' dir='ltr'><strong><em>ἐπὶ</em></strong></span> <span class='ocrx_word' id='word_1_103' title='bbox 473 1311 504 1365; x_wconf 88' lang='grc' dir='ltr'><strong><em>τδ</em></strong></span> <span class='ocrx_word' id='word_1_104' title='bbox 530 1308 711 1390; x_wconf 73' lang='grc' dir='ltr'><strong><em>στρατόπεδον</em></strong></span> <span class='ocrx_word' id='word_1_105' title='bbox 735 1312 898 1383; x_wconf 80' lang='grc' dir='ltr'><strong><em>ἐρχομένους</em></strong></span> 
     </span>
     <span class='ocr_line' id='line_1_16' title="bbox 142 1388 897 1469; baseline -0.001 -19"><span class='ocrx_word' id='word_1_106' title='bbox 142 1395 290 1468; x_wconf 85' lang='grc' dir='ltr'><strong><em>συλλαβεῖν,</em></strong></span> <span class='ocrx_word' id='word_1_107' title='bbox 318 1394 398 1469; x_wconf 84' lang='grc' dir='ltr'><strong><em>ῥίνυια</em></strong></span> <span class='ocrx_word' id='word_1_108' title='bbox 424 1395 580 1458; x_wconf 83' lang='grc' dir='ltr'><strong><em>καθέξοντες</em></strong></span> <span class='ocrx_word' id='word_1_109' title='bbox 599 1388 663 1448; x_wconf 78' lang='grc' dir='ltr'><strong><em>ἄνθ’</em></strong></span> <span class='ocrx_word' id='word_1_110' title='bbox 689 1391 726 1448; x_wconf 84' lang='grc' dir='ltr'><strong><em>ὡν</em></strong></span> <span class='ocrx_word' id='word_1_111' title='bbox 743 1392 897 1468; x_wconf 79' lang='grc' dir='ltr'><strong><em>Ταρκύνιον</em></strong></span> 
     </span>
     <span class='ocr_line' id='line_1_17' title="bbox 141 1473 897 1553; baseline 0.003 -21"><span class='ocrx_word' id='word_1_112' title='bbox 141 1475 282 1551; x_wconf 85' lang='grc' dir='ltr'><strong><em>άφείλοντο</em></strong></span> <span class='ocrx_word' id='word_1_113' title='bbox 302 1473 428 1550; x_wconf 82' lang='grc' dir='ltr'><strong><em>Ῥωμαῖοι</em></strong></span> <span class='ocrx_word' id='word_1_114' title='bbox 444 1478 593 1553; x_wconf 82' lang='grc' dir='ltr'><strong><em>χρημάτων,</em></strong></span> <span class='ocrx_word' id='word_1_115' title='bbox 619 1478 652 1532; x_wconf 88' lang='grc' dir='ltr'><strong><em>τά</em></strong></span> <span class='ocrx_word' id='word_1_116' title='bbox 679 1478 788 1549; x_wconf 86' lang='grc' dir='ltr'><strong><em>σώματα</em></strong></span> <span class='ocrx_word' id='word_1_117' title='bbox 802 1480 897 1546; x_wconf 77' lang='grc' dir='ltr'><strong><em>ταῦτα,</em></strong></span> 
     </span>
     <span class='ocr_line' id='line_1_18' title="bbox 141 1558 897 1636; baseline 0.001 -19"><span class='ocrx_word' id='word_1_118' title='bbox 141 1562 186 1618; x_wconf 87' lang='grc' dir='ltr'><strong><em>καί</em></strong></span> <span class='ocrx_word' id='word_1_119' title='bbox 197 1564 228 1616; x_wconf 89' lang='grc' dir='ltr'><strong><em>τδ</em></strong></span> <span class='ocrx_word' id='word_1_120' title='bbox 241 1564 312 1627; x_wconf 84' lang='grc' dir='ltr'><strong><em>τέλος</em></strong></span> <span class='ocrx_word' id='word_1_121' title='bbox 325 1565 370 1631; x_wconf 74' lang='grc' dir='ltr'><strong><em>τῆς</em></strong></span> <span class='ocrx_word' id='word_1_122' title='bbox 384 1564 457 1631; x_wconf 86' lang='grc' dir='ltr'><strong><em>δίκης</em></strong></span> <span class='ocrx_word' id='word_1_123' title='bbox 469 1558 556 1618; x_wconf 78' lang='grc' dir='ltr'><strong><em>οὐκέτι</em></strong></span> <span class='ocrx_word' id='word_1_124' title='bbox 570 1563 776 1636; x_wconf 77' lang='grc' dir='ltr'><strong><em>περιμενοῦντες.</em></strong></span> <span class='ocrx_word' id='word_1_125' title='bbox 791 1558 843 1619; x_wconf 83' lang='grc' dir='ltr'><strong><em>οάιι</em></strong></span> <span class='ocrx_word' id='word_1_126' title='bbox 856 1565 897 1618; x_wconf 81' lang='grc' dir='ltr'><strong><em>εί-</em></strong></span> 
     </span>
     <span class='ocr_line' id='line_1_19' title="bbox 141 1642 896 1718; baseline 0.001 -18"><span class='ocrx_word' id='word_1_127' title='bbox 141 1667 189 1703; x_wconf 85' lang='grc' dir='ltr'><strong><em>ασε</em></strong></span> <span class='ocrx_word' id='word_1_128' title='bbox 201 1647 229 1702; x_wconf 87' lang='grc' dir='ltr'><strong><em>δέ</em></strong></span> <span class='ocrx_word' id='word_1_129' title='bbox 242 1649 310 1703; x_wconf 85' lang='grc' dir='ltr'><strong><em>κατά</em></strong></span> <span class='ocrx_word' id='word_1_130' title='bbox 329 1649 395 1704; x_wconf 78' lang='grc' dir='ltr'><strong><em>νοίιν</em></strong></span> <span class='ocrx_word' id='word_1_131' title='bbox 407 1642 498 1709; x_wconf 78' lang='grc' dir='ltr'><strong><em>αὐτοῖς</em></strong></span> <span class='ocrx_word' id='word_1_132' title='bbox 508 1648 628 1718; x_wconf 79' lang='grc' dir='ltr'><strong><em>χωρῆσαι</em></strong></span> <span class='ocrx_word' id='word_1_133' title='bbox 642 1647 689 1710; x_wconf 74' lang='grc' dir='ltr'><strong><em>τὴν</em></strong></span> <span class='ocrx_word' id='word_1_134' title='bbox 701 1647 852 1718; x_wconf 74' lang='grc' dir='ltr'><strong><em>ἐπιβουλήν</em></strong></span> <span class='ocrx_word' id='word_1_135' title='bbox 865 1648 896 1703; x_wconf 90' lang='grc' dir='ltr'><strong><em>τδ</em></strong></span> 
     </span>
     <span class='ocr_line' id='line_1_20' title="bbox 141 1728 894 1806; baseline 0 -20"><span class='ocrx_word' id='word_1_136' title='bbox 141 1732 287 1803; x_wconf 81' lang='grc' dir='ltr'><strong><em>δαιμόνιον.</em></strong></span> <span class='ocrx_word' id='word_1_137' title='bbox 312 1736 341 1788; x_wconf 85' lang='grc' dir='ltr'><strong><em>ἐν</em></strong></span> <span class='ocrx_word' id='word_1_138' title='bbox 355 1728 409 1806; x_wconf 80' lang='grc' dir='ltr'><strong><em>ὅσῳ</em></strong></span> <span class='ocrx_word' id='word_1_139' title='bbox 420 1732 472 1804; x_wconf 81' lang='grc' dir='ltr'><strong><em>γάρ</em></strong></span> <span class='ocrx_word' id='word_1_140' title='bbox 486 1733 514 1785; x_wconf 88' lang='grc' dir='ltr'><strong><em>ἐκ</em></strong></span> <span class='ocrx_word' id='word_1_141' title='bbox 528 1731 577 1785; x_wconf 77' lang='grc' dir='ltr'><strong><em>τοῦ</em></strong></span> <span class='ocrx_word' id='word_1_142' title='bbox 595 1731 718 1785; x_wconf 79' lang='grc' dir='ltr'><strong><em>Λατίνων</em></strong></span> <span class='ocrx_word' id='word_1_143' title='bbox 728 1731 849 1806; x_wconf 90' lang='grc' dir='ltr'><strong><em>χάρακος</em></strong></span> <span class='ocrx_word' id='word_1_144' title='bbox 859 1735 894 1795; x_wconf 79' lang='grc' dir='ltr'><strong><em>ἐξ·</em></strong></span> 
     </span>
     <span class='ocr_line' id='line_1_21' title="bbox 138 1812 895 1894; baseline 0 -25"><span class='ocrx_word' id='word_1_145' title='bbox 138 1812 221 1888; x_wconf 78' lang='grc' dir='ltr'><strong><em>ῄεσαν</em></strong></span> <span class='ocrx_word' id='word_1_146' title='bbox 236 1813 263 1870; x_wconf 86' lang='grc' dir='ltr'><strong><em>οί</em></strong></span> <span class='ocrx_word' id='word_1_147' title='bbox 273 1816 408 1886; x_wconf 83' lang='grc' dir='ltr'><strong><em>μέλλοντες</em></strong></span> <span class='ocrx_word' id='word_1_148' title='bbox 420 1817 477 1878; x_wconf 86' lang='grc' dir='ltr'><strong><em>τοῖς</em></strong></span> <span class='ocrx_word' id='word_1_149' title='bbox 496 1816 720 1894; x_wconf 82' lang='grc' dir='ltr'><strong><em>παραγινομένοις</em></strong></span> <span class='ocrx_word' id='word_1_150' title='bbox 732 1817 895 1880; x_wconf 87' lang='grc' dir='ltr'><strong><em>ἐπιθέσθαι,</em></strong></span> 
     </span>
     <span class='ocr_line' id='line_1_22' title="bbox 138 1894 896 1971; baseline 0.003 -17"><span class='ocrx_word' id='word_1_151' title='bbox 138 1901 250 1965; x_wconf 82' lang='grc' dir='ltr'><strong><em>φθάσας</em></strong></span> <span class='ocrx_word' id='word_1_152' title='bbox 263 1899 279 1953; x_wconf 86' lang='grc' dir='ltr'><strong><em>ά</em></strong></span> <span class='ocrx_word' id='word_1_153' title='bbox 292 1900 343 1953; x_wconf 82' lang='grc' dir='ltr'><strong><em>τῶν</em></strong></span> <span class='ocrx_word' id='word_1_154' title='bbox 352 1899 488 1970; x_wconf 85' lang='grc' dir='ltr'><strong><em>Ῥωμαίων</em></strong></span> <span class='ocrx_word' id='word_1_155' title='bbox 500 1894 609 1964; x_wconf 81' lang='grc' dir='ltr'><strong><em>ὕπατος,</em></strong></span> <span class='ocrx_word' id='word_1_156' title='bbox 628 1895 691 1966; x_wconf 69' lang='grc' dir='ltr'><strong><em>ἧκεν</em></strong></span> <span class='ocrx_word' id='word_1_157' title='bbox 705 1895 777 1971; x_wconf 90' lang='grc' dir='ltr'><strong><em>άγων</em></strong></span> <span class='ocrx_word' id='word_1_158' title='bbox 791 1901 838 1964; x_wconf 90' lang='grc' dir='ltr'><strong><em>τάς</em></strong></span> <span class='ocrx_word' id='word_1_159' title='bbox 852 1901 896 1956; x_wconf 85' lang='grc' dir='ltr'><strong><em>κδ·</em></strong></span> 
     </span>
     <span class='ocr_line' id='line_1_23' title="bbox 139 1977 896 2059; baseline 0.004 -23"><span class='ocrx_word' id='word_1_160' title='bbox 139 2001 204 2056; x_wconf 84' lang='grc' dir='ltr'><strong><em>ρας·</em></strong></span> <span class='ocrx_word' id='word_1_161' title='bbox 231 1980 276 2038; x_wconf 84' lang='grc' dir='ltr'><strong><em>καί</em></strong></span> <span class='ocrx_word' id='word_1_162' title='bbox 289 1983 357 2058; x_wconf 84' lang='grc' dir='ltr'><strong><em>πρὸς</em></strong></span> <span class='ocrx_word' id='word_1_163' title='bbox 370 1978 464 2048; x_wconf 81' lang='grc' dir='ltr'><strong><em>αάιαῖς</em></strong></span> <span class='ocrx_word' id='word_1_164' title='bbox 477 1977 527 2052; x_wconf 79' lang='grc' dir='ltr'><strong><em>ἤδη</em></strong></span> <span class='ocrx_word' id='word_1_165' title='bbox 542 1987 600 2045; x_wconf 83' lang='grc' dir='ltr'><strong><em>ταῖς</em></strong></span> <span class='ocrx_word' id='word_1_166' title='bbox 610 1982 705 2048; x_wconf 86' lang='grc' dir='ltr'><strong><em>πάλαις</em></strong></span> <span class='ocrx_word' id='word_1_167' title='bbox 717 1985 766 2039; x_wconf 78' lang='grc' dir='ltr'><strong><em>τοῦ</em></strong></span> <span class='ocrx_word' id='word_1_168' title='bbox 789 1985 896 2059; x_wconf 76' lang='grc' dir='ltr'><strong><em>7υρρη-</em></strong></span> 
     </span>
     <span class='ocr_line' id='line_1_24' title="bbox 138 2064 894 2140; baseline 0.005 -20"><span class='ocrx_word' id='word_1_169' title='bbox 138 2068 185 2121; x_wconf 79' lang='grc' dir='ltr'><strong><em>νοέν</em></strong></span> <span class='ocrx_word' id='word_1_170' title='bbox 193 2067 310 2140; x_wconf 87' lang='grc' dir='ltr'><strong><em>χάρακος</em></strong></span> <span class='ocrx_word' id='word_1_171' title='bbox 323 2064 365 2133; x_wconf 78' lang='grc' dir='ltr'><strong><em>σ’ίν,</em></strong></span> <span class='ocrx_word' id='word_1_172' title='bbox 386 2066 439 2123; x_wconf 83' lang='grc' dir='ltr'><strong><em>δπδ</em></strong></span> <span class='ocrx_word' id='word_1_173' title='bbox 452 2069 502 2122; x_wconf 86' lang='grc' dir='ltr'><strong><em>τῶν</em></strong></span> <span class='ocrx_word' id='word_1_174' title='bbox 520 2066 710 2132; x_wconf 76' lang='grc' dir='ltr'><strong><em>ἐπιδιωξάντων</em></strong></span> <span class='ocrx_word' id='word_1_175' title='bbox 729 2073 758 2124; x_wconf 88' lang='grc' dir='ltr'><strong><em>ἐκ</em></strong></span> <span class='ocrx_word' id='word_1_176' title='bbox 770 2072 817 2139; x_wconf 77' lang='grc' dir='ltr'><strong><em>τῆς</em></strong></span> <span class='ocrx_word' id='word_1_177' title='bbox 834 2070 894 2124; x_wconf 79' lang='grc' dir='ltr'><strong><em>ἐτέ-</em></strong></span> 
     </span>
     <span class='ocr_line' id='line_1_25' title="bbox 138 2150 896 2225; baseline 0.001 -19"><span class='ocrx_word' id='word_1_178' title='bbox 138 2173 185 2223; x_wconf 88' lang='grc' dir='ltr'><strong><em>ρας</em></strong></span> <span class='ocrx_word' id='word_1_179' title='bbox 197 2150 401 2225; x_wconf 77' lang='grc' dir='ltr'><strong><em>στρατοπεδείας</em></strong></span> <span class='ocrx_word' id='word_1_180' title='bbox 414 2153 655 2224; x_wconf 86' lang='grc' dir='ltr'><strong><em>καταλαμβάνεται.</em></strong></span> <span class='ocrx_word' id='word_1_181' title='bbox 682 2151 752 2208; x_wconf 82' lang='grc' dir='ltr'><strong><em>ἐνθα</em></strong></span> <span class='ocrx_word' id='word_1_182' title='bbox 766 2157 813 2223; x_wconf 78' lang='grc' dir='ltr'><strong><em>τῆς</em></strong></span> <span class='ocrx_word' id='word_1_183' title='bbox 825 2172 896 2221; x_wconf 88' lang='grc' dir='ltr'><strong><em>συμ-</em></strong></span> 
     </span>
     <span class='ocr_line' id='line_1_26' title="bbox 138 2231 894 2310; baseline 0.001 -20"><span class='ocrx_word' id='word_1_184' title='bbox 138 2239 236 2305; x_wconf 76' lang='grc' dir='ltr'><strong><em>πλοκῆς</em></strong></span> <span class='ocrx_word' id='word_1_185' title='bbox 261 2231 348 2292; x_wconf 80' lang='grc' dir='ltr'><strong><em>αὗτῶν</em></strong></span> <span class='ocrx_word' id='word_1_186' title='bbox 379 2236 540 2308; x_wconf 80' lang='grc' dir='ltr'><strong><em>γενομένης,</em></strong></span> <span class='ocrx_word' id='word_1_187' title='bbox 579 2239 671 2304; x_wconf 82' lang='grc' dir='ltr'><strong><em>ταχεῖα</em></strong></span> <span class='ocrx_word' id='word_1_188' title='bbox 696 2239 753 2302; x_wconf 82' lang='grc' dir='ltr'><strong><em>τοῖς</em></strong></span> <span class='ocrx_word' id='word_1_189' title='bbox 782 2237 894 2310; x_wconf 80' lang='grc' dir='ltr'><strong><em>Τυῤῥη-</em></strong></span> 
     </span>
     <span class='ocr_line' id='line_1_27' title="bbox 139 2319 895 2394; baseline 0.004 -22"><span class='ocrx_word' id='word_1_190' title='bbox 139 2323 192 2382; x_wconf 74' lang='grc' dir='ltr'><strong><em>τοῖς</em></strong></span> <span class='ocrx_word' id='word_1_191' title='bbox 219 2322 347 2389; x_wconf 73' lang='grc' dir='ltr'><strong><em>αἴσθησις</em></strong></span> <span class='ocrx_word' id='word_1_192' title='bbox 371 2322 481 2394; x_wconf 76' lang='grc' dir='ltr'><strong><em>ἐγένετο.</em></strong></span> <span class='ocrx_word' id='word_1_193' title='bbox 514 2319 560 2375; x_wconf 84' lang='grc' dir='ltr'><strong><em>καί</em></strong></span> <span class='ocrx_word' id='word_1_194' title='bbox 579 2321 647 2375; x_wconf 90' lang='grc' dir='ltr'><strong><em>κατά</em></strong></span> <span class='ocrx_word' id='word_1_195' title='bbox 672 2320 795 2389; x_wconf 69' lang='grc' dir='ltr'><strong><em>σπουδὴν</em></strong></span> <span class='ocrx_word' id='word_1_196' title='bbox 815 2320 895 2376; x_wconf 73' lang='grc' dir='ltr'><strong><em>ὅτοῑ</em></strong></span> 
     </span>
     <span class='ocr_line' id='line_1_28' title="bbox 136 2401 895 2477; baseline 0.004 -21"><span class='ocrx_word' id='word_1_197' title='bbox 136 2405 263 2470; x_wconf 82' lang='grc' dir='ltr'><strong><em>βασιλέως</em></strong></span> <span class='ocrx_word' id='word_1_198' title='bbox 285 2402 342 2468; x_wconf 84' lang='grc' dir='ltr'><strong><em>νίδς</em></strong></span> <span class='ocrx_word' id='word_1_199' title='bbox 354 2404 412 2473; x_wconf 82' lang='grc' dir='ltr'><strong><em>ίλην</em></strong></span> <span class='ocrx_word' id='word_1_200' title='bbox 432 2401 533 2460; x_wconf 78' lang='grc' dir='ltr'><strong><em>ἱππέων</em></strong></span> <span class='ocrx_word' id='word_1_201' title='bbox 545 2402 641 2477; x_wconf 77' lang='grc' dir='ltr'><strong><em>λαβὼν,</em></strong></span> <span class='ocrx_word' id='word_1_202' title='bbox 669 2404 791 2476; x_wconf 78' lang='grc' dir='ltr'><strong><em>ἐβοήθει,</em></strong></span> <span class='ocrx_word' id='word_1_203' title='bbox 806 2404 852 2460; x_wconf 82' lang='grc' dir='ltr'><strong><em>καί</em></strong></span> <span class='ocrx_word' id='word_1_204' title='bbox 865 2408 895 2459; x_wconf 83' lang='grc' dir='ltr'><strong><em>ἐκ</em></strong></span> 
     </span>
     <span class='ocr_line' id='line_1_29' title="bbox 137 2486 893 2566; baseline 0.012 -29"><span class='ocrx_word' id='word_1_205' title='bbox 137 2488 186 2540; x_wconf 81' lang='grc' dir='ltr'><strong><em>τῶν</em></strong></span> <span class='ocrx_word' id='word_1_206' title='bbox 210 2488 292 2553; x_wconf 84' lang='grc' dir='ltr'><strong><em>πεζῶν</em></strong></span> <span class='ocrx_word' id='word_1_207' title='bbox 315 2486 341 2544; x_wconf 85' lang='grc' dir='ltr'><strong><em>οἱ</em></strong></span> <span class='ocrx_word' id='word_1_208' title='bbox 366 2487 570 2561; x_wconf 74' lang='grc' dir='ltr'><strong><em>προκαθήμενοι</em></strong></span> <span class='ocrx_word' id='word_1_209' title='bbox 596 2489 645 2543; x_wconf 77' lang='grc' dir='ltr'><strong><em>τοῖν</em></strong></span> <span class='ocrx_word' id='word_1_210' title='bbox 669 2490 788 2566; x_wconf 86' lang='grc' dir='ltr'><strong><em>χάρακος</em></strong></span> <span class='ocrx_word' id='word_1_211' title='bbox 812 2493 893 2546; x_wconf 88' lang='grc' dir='ltr'><strong><em>συνέ-</em></strong></span> 
     </span>
     <span class='ocr_line' id='line_1_30' title="bbox 134 2568 244 2645; baseline 0.055 -21"><span class='ocrx_word' id='word_1_212' title='bbox 134 2568 244 2645; x_wconf 83' lang='grc' dir='ltr'><strong><em>δραμον.</em></strong></span> 
     </span>
    </p>
   </div>
   <div class='ocr_carea' id='block_1_3' title="bbox 0 0 950 2970">
    <p class='ocr_par' dir='ltr' id='par_1_3' title="bbox 0 0 950 2970">
     <span class='ocr_line' id='line_1_31' title="bbox 0 0 950 2970; baseline 0 0"><span class='ocrx_word' id='word_1_213' title='bbox 0 0 950 2970; x_wconf 95' lang='lat' dir='ltr'><strong><em> </em></strong></span> 
     </span>
    </p>
   </div>
  </div>
 </body>
</html>
