1890 2970
127 119 177 174 160
241 110 402 164 DIONYSII
420 109 767 163 HALICARNASSENSIS

127 239 168 282 τες
182 217 261 285 έιμοι·
282 219 349 291 πρὸς
362 217 398 292 τῷ
409 217 491 289 μηδέν
506 214 660 272 ἀπολαῦσαι
674 216 771 286 ταύτης
784 218 830 286 τῆς
841 239 874 288 με

125 302 289 380 χαίηχορίοις
301 298 421 377 ἀγαθὸν,
431 303 477 359 κοιλ
489 303 521 358 τοί
534 305 646 376 μέγιστα
659 297 692 357 δι’
707 297 791 372 αύτήν
805 303 886 374 &fild-

124 389 221 460 βησαν.
250 388 423 463 Σπαρτιᾶται
434 389 483 462 μέν
494 408 525 462 γε
538 387 697 451 πταίσαντες
708 386 782 461 μοίχη
796 388 828 459 τῇ
841 408 886 441 πε-

127 470 153 542 ρί
163 473 299 545 Λεῦκτρα,
328 475 356 528 έν
375 458 392 547 ᾖ
408 472 510 542 χιλίους
529 471 575 527 καὶ
594 474 772 534 ἑπτακοσίους
786 465 887 547 ἀνδρας

127 553 273 630 ἀπέβαλον,
295 551 345 612 οὔκ
364 555 461 626 έτιτην
488 559 566 614 πόλιν
591 552 768 626 ἠδυνήθησαν
793 560 821 610 ἐκ
843 559 888 623 τῆς

126 720 270 798 ἡγεμονίας
280 727 330 782 σύν
343 722 465 801 αἰσχύνη.
488 727 605 798 Θηβαῖοι
619 727 646 781 δέ
660 726 705 781 καί
715 722 853 795 Ἀθηναῖοι
866 729 890 785 ίξ

125 814 182 874 ίνδς
194 812 241 866 τού
256 810 317 885 περί
331 811 496 883 Χαιρώνειαν
510 808 685 881 ἀτυχήματος,
713 806 770 883 ἀμα
798 811 846 876 τὴν
864 830 891 864 τε

128 894 296 969 προστασίαν
323 897 369 964 τῆς
390 891 520 959 Ἐλλοίδος
545 894 593 950 καί
612 897 659 965 τήν
673 894 829 965 ἐλευθερίαν
842 895 890 963 τὴν

125 979 239 1051 ποίιριον
254 977 307 1033 ύπό
322 978 684 1055 Μακεδόνωνάφῃρέθησαν.
700 975 887 1051 ἧδέῬωμαίωι

126 1064 202 1127 πόλις
214 1068 242 1118 έν
253 1058 356 1137 Ἰβηρίᾳ
370 1085 396 1118 τε
410 1062 455 1119 καί
466 1061 567 1138 Ἰταλίᾳ
580 1067 712 1137 πολέμους
725 1062 823 1133 ἔχουσα
841 1083 890 1135 με·

126 1148 240 1222 χοίλονς,
269 1150 395 1204 Σικελίαν
408 1170 435 1204 τι
462 1146 622 1221 ἀφεστῶσαν
646 1147 818 1223 ἀνακτωμένη
843 1146 889 1203 καί

126 1232 263 1305 Σαρδόνα,
290 1231 337 1288 καί
352 1235 403 1287 τῶν
415 1237 443 1290 έν
454 1233 617 1307 Μακεδονίᾳ
629 1234 675 1290 καί
688 1235 755 1288 κατοί
773 1229 889 1299 τὴνἙλ-

126 1317 195 1372 λοίδα
209 1318 374 1390 πραγμάτων
392 1319 656 1393 ἐκπεπολεμωμένων,
677 1317 724 1372 καί
743 1315 889 1391 Καρχηδό-

126 1421 171 1464 νος
184 1402 228 1457 έπί
242 1402 289 1468 τήν
304 1397 448 1474 ἡγεμονίαν
461 1404 543 1458 πάλιν
564 1399 748 1475 ἀνισταμένης,
779 1402 826 1456 καί
844 1405 890 1471 τῆς

125 1479 235 1550 Ἰιιιλίοις
248 1481 281 1540 οδ
293 1488 378 1558 μόνον
389 1485 543 1561 ἀφεστώσης
556 1483 648 1562 ὀλίγου
657 1486 710 1542 δεῖν
717 1487 810 1554 ποίσης,
822 1482 888 1540 ἀλλά

126 1570 170 1624 καί
184 1571 386 1645 συνεπαγούσης
399 1575 446 1629 τὸν
464 1568 628 1645 Ἀννιβαίκδν
649 1574 782 1642 κληθέντα
808 1574 889 1627 πόλε-

125 1674 185 1724 μον,
200 1655 340 1720 τοσούτοις
353 1658 492 1730 περιπετὴς
504 1659 634 1730 γενομένη
661 1657 794 1720 κινδύνοις
821 1660 890 1712 κατά

125 1741 172 1793 τδν
185 1735 268 1795 ου’τὸν
277 1741 383 1812 χρόνον,
404 1736 453 1809 οὔχ
474 1736 544 1803 ὅπως
563 1740 689 1811 ίκακῶθη
712 1740 757 1795 διιιί
771 1741 818 1804 τίς
830 1743 889 1796 τδτε

126 1823 213 1892 τύχας,
228 1821 295 1879 ἀλλοί
308 1822 354 1877 καὶ
367 1826 531 1898 προσέλαβεν
546 1820 621 1895 ίσχύν
634 1830 661 1889 ίξ
672 1820 761 1880 οὔτῶν
781 1823 819 1880 έτι
831 1827 889 1897 μείκ

127 1908 190 1970 ζονα
204 1909 249 1975 τῆς
270 1908 413 1982 προτέρας,
441 1910 476 1982 τῷ
501 1908 599 1978 πλήθει
623 1911 672 1966 τοῦ
694 1912 888 1984 στρατιωτικοῦ

125 1993 191 2063 πρὸς
204 1984 312 2046 ἀπαντα
327 1991 436 2065 διαρκής
450 1994 576 2066 γενομένη
591 1996 624 2048 τοί
644 1994 730 2061 δεινοί,
756 1990 814 2050 ἀλλ’
840 1989 889 2063 ούχ

126 2071 212 2147 ῶσπερ
226 2073 454 2149 ύπολαμβοίνουσί
466 2099 542 2143 τινες,
568 2074 662 2153 εὐνοίᾳ
686 2078 765 2149 τύχης
790 2099 888 2155 χρησα-

124 2161 204 2230 μένη·
217 2160 280 2216 ἐστί’
286 2159 383 2230 ταύτης
395 2183 424 2234 γε
434 2163 514 2236 χάριν
526 2157 596 2234 ᾤχετ’
616 2159 650 2217 ἀν
676 2161 839 2238 ὑποβρύχιος
861 2166 888 2226 ἐξ

125 2242 182 2307 ἓνδς
201 2246 250 2299 τού
264 2244 324 2321 περὶ
338 2248 448 2311 Κοίννας
460 2246 611 2319 πτώματος,
626 2241 669 2300 ὅτε
684 2243 753 2320 αὐτῇ
765 2244 820 2302 ἀπὸ
838 2249 888 2323 μέν

125 2331 302 2400 ἑξακισχιλίων
316 2328 416 2386 ἱππέων
429 2331 613 2403 ἑβδομήκοντα
628 2329 673 2387 καί
687 2333 886 2406 τριακόσιοιπε·

124 2415 326 2487 ριελείφθηυοιν,
354 2413 409 2470 ἀπὸ
437 2415 464 2469 δέ
489 2414 629 2492 μυριοίδων
655 2411 723 2472 δκτὼ
740 2419 791 2472 τῶν
810 2414 887 2482 είςτδ

123 2498 215 2554 κοινδν
242 2498 394 2574 στριίτευμα
413 2501 648 2573 καταγραφεισῶν,
676 2497 756 2575 ὄλίγᾳ
781 2501 886 2562 πλείους

114 2583 271 2648 τρισχιλίων
282 2581 438 2657 ι’συίθησοιν,
