1890 2970
185 98 729 179 ANT1QV1TATVM110MAN.L113.11,
799 110 850 166 σοι

83 212 128 283 τῆς
141 213 170 267 ἐν
195 210 360 284 Καπιτωλίῳ
383 212 522 285 γινομένης
546 210 680 289 όπιγραφὴ
706 206 846 288 μλιρτυριλ.

83 298 163 352 τοῦτο
179 293 213 366 δὴ
227 295 354 369 λαβόντες
371 294 598 370 δμολογοδμενον,
618 298 848 355 ἐπισυνάπτουσιν

82 376 161 438 αὗτολ
174 377 345 451 σταχασμοδς
363 401 436 445 τινας
463 377 555 447 ἲδίους.
583 379 610 437 οἶ
621 381 685 456 μέν,
711 384 740 438 ἐκ
753 378 804 437 τῶν
818 386 848 439 έν

83 460 259 542 Σαμοθράκῃ
272 466 390 540 λέγοντες
405 465 481 540 ἱερῶν
501 469 602 542 μοῖραν
621 461 690 522 εἶναι
701 466 738 541 τῷ
749 463 845 541 Αἶνελρ

81 554 287 626 φυλαττομένην
304 552 353 620 τὴν
371 548 484 608 ἐνθάδε.
509 550 660 629 Δαρδάνου
683 553 734 626 μέν
748 547 783 617 εἷς
796 551 846 618 τήν

83 630 129 709 ὑφ’
144 637 242 693 ἑαυτοῦ
263 638 424 692 κτισθεῖσαν
446 638 526 692 πόλιν
544 640 573 692 ἐκ
585 640 630 707 τῆς
643 636 728 707 νάσου
741 639 774 692 τά
789 633 847 713 ἶεραΙ

81 721 321 796 μετενεγκαμένου·
336 717 445 776 Λῖνεῖου
460 718 497 790 δέ,
512 716 556 778 δτι
570 719 667 797 ἔφυγεν
681 724 765 791 έκιῆς
774 728 847 794 Τροι-

82 805 157 874 άδος,
173 801 229 877 ἅμα
241 809 297 873 τοῖς
311 799 402 871 ἄλλοις
412 803 458 861 καλ
469 807 554 862 ταῦτα
567 807 770 879 κομίσαντοςελς
781 800 848 861 Ἰτα-

83 892 155 948 λίαν.
182 887 209 948 οἱ
235 888 271 958 δέ,
286 891 317 947 τό
342 889 460 955 διοπετὲς
474 889 632 948 Παλλάδιον
648 888 848 964 άποφαένοντες

82 971 156 1032 εἶναι
168 977 199 1033 τό
218 977 292 1049 παρά
303 969 409 1032 Ἰλιεῦσι
420 977 574 1051 γενόμενον,
600 974 634 1041 ὧς
647 974 758 1033 Αἲνελου
771 975 848 1049 κομέ-

83 1080 187 1128 σαντος,
195 1055 230 1118 δι’
242 1061 388 1135 ἐμπειρίαν,
406 1054 515 1131 Ἀχαιῶν
537 1059 565 1116 δέ
584 1063 615 1117 τό
634 1061 741 1135 μλμημα
762 1055 846 1116 αδτοῶ

84 1147 223 1220 λαβόντων
238 1143 339 1220 κλοπῇ·
367 1144 427 1219 περὶ
444 1134 476 1201 οδ
499 1144 597 1202 πολλοὶ
609 1145 717 1223 σφόδρα
731 1147 849 1221 εἴρηνται

83 1234 210 1302 ποιηταῖς
222 1250 249 1285 τι
266 1228 311 1286 καλ
325 1232 511 1305 συγγραφεῦσι
541 1230 625 1307 λόγοι.
648 1230 700 1305 ἐγὼ
714 1229 742 1286 δέ
756 1231 787 1286 ιδ
800 1229 850 1301 μέν

85 1311 157 1372 εἶναλ
173 1334 234 1371 τινα
248 1318 303 1380 τοῖς
329 1317 437 1381 πολλοῖς
462 1310 550 1385 άδηλα
577 1314 635 1391 ἱερά
660 1316 849 1388 φυλαττόμενα

85 1399 140 1457 ὓπδ
156 1403 207 1456 τῶν
221 1401 374 1476 παρθένων,
390 1399 435 1455 καὶ
449 1395 482 1456 οδ
496 1401 526 1456 τό
543 1400 694 1476 πῦρμάνον,
704 1404 732 1456 ἐκ
744 1400 848 1455 πολλῶν

84 1486 159 1542 πάνυ
170 1484 428 1573 καταλαμβάνομαι·
444 1486 504 1540 τίνα
515 1485 543 1542 δέ
555 1481 630 1542 ταῦτ’
643 1481 772 1541 ἔστινούκ
787 1480 849 1545 άξιῶ

84 1572 323 1645 πολυπραγμονεῖν
342 1565 404 1625 οδτε
423 1570 555 1643 ἐμαυτόν,
577 1565 638 1626 οὔτε
657 1566 739 1624 ἄλλον
752 1563 849 1624 οάδένα

84 1657 138 1712 τῶν
162 1656 335 1729 βουλομένων
359 1656 392 1710 τά
411 1655 477 1730 πρὸς
489 1655 552 1721 τοδς
571 1656 654 1719 θεοὺς
673 1650 848 1728 ὅσιάτηριῒν.

148 1736 267 1795 LXVII.
301 1737 338 1796 Αἱ
357 1738 385 1795 δέ
400 1740 602 1816 θεραπεέιουσαι
626 1740 673 1807 τήν
692 1740 761 1796 θεὸν
781 1759 850 1812 παρ·

84 1827 166 1883 θένοι
181 1823 301 1899 τέτταρες
312 1823 361 1896 μέν
373 1811 443 1894 ἦσαν
456 1820 514 1882 κατ’
535 1822 626 1899 άρχάς,
645 1826 697 1880 τῶν
716 1824 849 1896 βασιλέων

84 1905 171 1972 αὗτάς
196 1907 363 1983 αἱρουμένων
388 1913 416 1966 έν
435 1899 475 1977 οἷς
498 1911 678 1980 κατεστήσατο
703 1906 850 1973 δικαίοιςά

85 1994 199 2067 Νομᾶς·
225 1989 340 2067 ὕστερον
366 1994 403 2063 δέ,
429 1995 474 2051 διά
488 1998 594 2064 πλῆθος
621 1998 670 2051 τῶν
690 1991 848 2071 ἱερουργιῶν

83 2074 347 2146 άςέπιτελοῶσιν,έξ
371 2081 512 2154 γενόμεναι
529 2083 604 2158 μέχρι
618 2081 666 2138 τοῶ
692 2073 758 2135 καθ’
778 2073 848 2150 ἡμᾶς
886 2121 889 2127 .

86 2163 247 2238 διαμένουσι
269 2164 380 2238 χρόνον,
404 2166 510 2222 διἀιταν
524 2163 633 2236 ἔχουσαι
646 2166 721 2239 παρά
736 2161 769 2237 τῇ
783 2160 848 2233 θεῷ,

85 2247 159 2305 ἔνθα
173 2242 208 2303 δι’
221 2243 321 2322 ἡμέρας
332 2250 381 2321 μέν
401 2247 487 2313 οῦδελς
506 2246 662 2324 άπείργεται
682 2250 732 2303 τῶν
746 2246 849 2319 βουλο-

85 2335 172 2405 μένων
185 2328 311 2389 εἰσιέναι·
325 2333 427 2409 νὺκτωρ
442 2333 470 2389 δέ
482 2330 570 2389 οὔδενλ
584 2330 759 2406 τῶνάῤῥένιιν
773 2333 850 2384 έναυ·

85 2419 224 2476 λλσασθαι
238 2419 326 2492 θέμις.
339 2420 435 2495 χρόνον
449 2418 478 2474 δέ
496 2418 685 2494 τριακονταετῆ
700 2416 788 2490 μένειν
799 2408 849 2470 αδ·

86 2504 135 2569 τάς
148 2500 300 2579 άνσγκαλον
321 2501 404 2578 άγνάς
420 2504 528 2580 γάμων,
549 2500 747 2575 θυηπολούσας
765 2520 796 2559 τε
806 2499 858 2559 καὶ

88 2587 125 2643 τά
134 2582 204 2643 ἄλλα
213 2588 418 2657 θγγσκιυοάσας
428 2590 503 2648 κατά
522 2592 625 2670 νόμον·
656 2596 683 2655 έν
699 2575 722 2675 ᾧ
738 2591 809 2657 δέκα
823 2589 873 2670 μὶν

111 2666 219 2712 Πισαῖοι
234 2664 262 2715 ἵῖ
271 2668 295 2715 J·
674 2684 697 2740 p
