<?xml version="1.0" encoding="UTF-8"?>
<!DOCTYPE html PUBLIC "-//W3C//DTD XHTML 1.0 Transitional//EN"
    "http://www.w3.org/TR/xhtml1/DTD/xhtml1-transitional.dtd">
<html xmlns="http://www.w3.org/1999/xhtml" xml:lang="en" lang="en">
 <head>
  <title>
</title>
<meta http-equiv="Content-Type" content="text/html;charset=utf-8" />
  <meta name='ocr-system' content='tesseract 3.04.00' />
  <meta name='ocr-capabilities' content='ocr_page ocr_carea ocr_par ocr_line ocrx_word'/>
</head>
<body>
  <div class='ocr_page' id='page_1' title='image "./operaomnia00diongoog_0687.png"; bbox 0 0 1890 2970; ppageno 0'>
   <div class='ocr_carea' id='block_1_1' title="bbox 156 107 811 177">
    <p class='ocr_par' dir='ltr' id='par_1_1' title="bbox 156 107 811 177">
     <span class='ocr_line' id='line_1_1' title="bbox 156 107 811 177; baseline 0.024 -18"><span class='ocrx_word' id='word_1_1' title='bbox 156 107 433 177; x_wconf 86' lang='lat' dir='ltr'><strong>ANTIQVITATVM</strong></span> <span class='ocrx_word' id='word_1_2' title='bbox 450 110 584 164; x_wconf 74' lang='lat' dir='ltr'><strong>ROMAN.</strong></span> <span class='ocrx_word' id='word_1_3' title='bbox 602 113 665 165; x_wconf 91' lang='lat' dir='ltr'><strong>LIB.</strong></span> <span class='ocrx_word' id='word_1_4' title='bbox 683 117 713 165; x_wconf 78' lang='lat' dir='ltr'><strong><em>V.</em></strong></span> <span class='ocrx_word' id='word_1_5' title='bbox 761 122 811 175; x_wconf 84' lang='lat'><strong><em>201</em></strong></span> 
     </span>
    </p>
   </div>
   <div class='ocr_carea' id='block_1_2' title="bbox 61 209 811 371">
    <p class='ocr_par' dir='ltr' id='par_1_2' title="bbox 61 209 811 371">
     <span class='ocr_line' id='line_1_2' title="bbox 61 209 811 285; baseline 0.008 -17"><span class='ocrx_word' id='word_1_6' title='bbox 61 214 110 282; x_wconf 76' lang='grc' dir='ltr'><strong><em>τήν</em></strong></span> <span class='ocrx_word' id='word_1_7' title='bbox 136 209 285 271; x_wconf 85' lang='grc' dir='ltr'><strong><em>άπόοτασιν</em></strong></span> <span class='ocrx_word' id='word_1_8' title='bbox 298 211 420 280; x_wconf 76' lang='grc' dir='ltr'><strong><em>ἅπαντας</em></strong></span> <span class='ocrx_word' id='word_1_9' title='bbox 445 212 587 285; x_wconf 84' lang='grc' dir='ltr'><strong><em>άπέκτεινε,</em></strong></span> <span class='ocrx_word' id='word_1_10' title='bbox 618 214 707 273; x_wconf 77' lang='grc' dir='ltr'><strong><em>τόνδ’</em></strong></span> <span class='ocrx_word' id='word_1_11' title='bbox 732 215 811 274; x_wconf 81' lang='grc' dir='ltr'><strong><em>άλλσν</em></strong></span> 
     </span>
     <span class='ocr_line' id='line_1_3' title="bbox 61 297 666 371; baseline 0.007 -19"><span class='ocrx_word' id='word_1_12' title='bbox 61 297 140 365; x_wconf 72' lang='grc' dir='ltr'><strong><em>ὄχλον</em></strong></span> <span class='ocrx_word' id='word_1_13' title='bbox 153 297 277 366; x_wconf 85' lang='grc' dir='ltr'><strong><em>άπέδοτο,</em></strong></span> <span class='ocrx_word' id='word_1_14' title='bbox 293 301 341 369; x_wconf 75' lang='grc' dir='ltr'><strong><em>τήν</em></strong></span> <span class='ocrx_word' id='word_1_15' title='bbox 355 299 383 354; x_wconf 83' lang='grc' dir='ltr'><strong><em>δέ</em></strong></span> <span class='ocrx_word' id='word_1_16' title='bbox 403 301 480 357; x_wconf 80' lang='grc' dir='ltr'><strong><em>πόλιν</em></strong></span> <span class='ocrx_word' id='word_1_17' title='bbox 493 304 666 371; x_wconf 81' lang='grc' dir='ltr'><strong><em>κατέσκαψεν.</em></strong></span> 
     </span>
    </p>
   </div>
   <div class='ocr_carea' id='block_1_3' title="bbox 58 447 813 582">
    <p class='ocr_par' dir='ltr' id='par_1_3' title="bbox 58 447 813 582">
     <span class='ocr_line' id='line_1_4' title="bbox 58 447 813 513; baseline 0.004 -19"><span class='ocrx_word' id='word_1_18' title='bbox 58 448 137 496; x_wconf 73' lang='lat' dir='ltr'><em>Post.</em></span> <span class='ocrx_word' id='word_1_19' title='bbox 152 448 269 498; x_wconf 84' lang='lat' dir='ltr'><em>Cominio</em></span> <span class='ocrx_word' id='word_1_20' title='bbox 289 457 317 513; x_wconf 75' lang='lat' dir='ltr'><strong><em>et</em></strong></span> <span class='ocrx_word' id='word_1_21' title='bbox 335 450 364 496; x_wconf 89' lang='lat' dir='ltr'><strong><em>T.</em></strong></span> <span class='ocrx_word' id='word_1_22' title='bbox 375 449 472 498; x_wconf 81' lang='lat' dir='ltr'><em>Lartio</em></span> <span class='ocrx_word' id='word_1_23' title='bbox 483 467 551 499; x_wconf 81' lang='grc' dir='ltr'><strong><em>οοεε.</em></strong></span> <span class='ocrx_word' id='word_1_24' title='bbox 562 452 659 501; x_wconf 79' lang='lat' dir='ltr'><em>Latini</em></span> <span class='ocrx_word' id='word_1_25' title='bbox 679 447 813 507; x_wconf 75' lang='lat' dir='ltr'><em>rebellant,</em></span> 
     </span>
     <span class='ocr_line' id='line_1_5' title="bbox 298 517 584 582; baseline 0.01 -18"><span class='ocrx_word' id='word_1_26' title='bbox 298 525 325 564; x_wconf 85' lang='lat' dir='ltr'><strong><em>et</em></strong></span> <span class='ocrx_word' id='word_1_27' title='bbox 340 517 412 566; x_wconf 80' lang='lat' dir='ltr'><em>servi</em></span> <span class='ocrx_word' id='word_1_28' title='bbox 422 518 584 582; x_wconf 79' lang='lat' dir='ltr'><em>conspirant.</em></span> 
     </span>
    </p>
   </div>
   <div class='ocr_carea' id='block_1_4' title="bbox 60 627 815 2299">
    <p class='ocr_par' dir='ltr' id='par_1_4' title="bbox 60 627 815 2299">
     <span class='ocr_line' id='line_1_6' title="bbox 125 627 814 710; baseline -0.006 -19"><span class='ocrx_word' id='word_1_29' title='bbox 125 634 158 691; x_wconf 85' lang='lat' dir='ltr'><strong><em>L.</em></strong></span> <span class='ocrx_word' id='word_1_30' title='bbox 177 631 238 692; x_wconf 80' lang='grc' dir='ltr'><strong><em>Ἐπὶ</em></strong></span> <span class='ocrx_word' id='word_1_31' title='bbox 251 635 279 690; x_wconf 87' lang='grc' dir='ltr'><strong><em>δί</em></strong></span> <span class='ocrx_word' id='word_1_32' title='bbox 294 637 338 703; x_wconf 76' lang='grc' dir='ltr'><strong><em>τῆς</em></strong></span> <span class='ocrx_word' id='word_1_33' title='bbox 351 635 548 706; x_wconf 74' lang='grc' dir='ltr'><strong><em>ἑβδομηκοστῆς</em></strong></span> <span class='ocrx_word' id='word_1_34' title='bbox 565 627 760 710; x_wconf 76' lang='grc' dir='ltr'><strong><em>Ὀλυμπιάδος,</em></strong></span> <span class='ocrx_word' id='word_1_35' title='bbox 782 631 814 700; x_wconf 73' lang='grc' dir='ltr'><strong><em>ἢν</em></strong></span> 
     </span>
     <span class='ocr_line' id='line_1_7' title="bbox 60 713 813 796; baseline -0.003 -22"><span class='ocrx_word' id='word_1_36' title='bbox 60 722 136 774; x_wconf 78' lang='grc' dir='ltr'><strong><em>ἐνίκα</em></strong></span> <span class='ocrx_word' id='word_1_37' title='bbox 151 718 261 775; x_wconf 86' lang='grc' dir='ltr'><strong><em>στάδιον</em></strong></span> <span class='ocrx_word' id='word_1_38' title='bbox 275 717 391 782; x_wconf 76' lang='grc' dir='ltr'><strong><em>Νικαίας</em></strong></span> <span class='ocrx_word' id='word_1_39' title='bbox 404 717 537 796; x_wconf 84' lang='grc' dir='ltr'><strong><em>όΛοκρός</em></strong></span> <span class='ocrx_word' id='word_1_40' title='bbox 553 722 580 782; x_wconf 76' lang='grc' dir='ltr'><strong><em>ἐξ</em></strong></span> <span class='ocrx_word' id='word_1_41' title='bbox 589 715 747 790; x_wconf 73' lang='grc' dir='ltr'><strong><em>Ὀποῦντος,</em></strong></span> <span class='ocrx_word' id='word_1_42' title='bbox 761 713 813 792; x_wconf 84' lang='grc' dir='ltr'><strong><em>άρ-</em></strong></span> 
     </span>
     <span class='ocr_line' id='line_1_8' title="bbox 60 797 812 909; baseline -0.001 -51"><span class='ocrx_word' id='word_1_43' title='bbox 60 822 155 876; x_wconf 79' lang='grc' dir='ltr'><strong><em>γοντος</em></strong></span> <span class='ocrx_word' id='word_1_44' title='bbox 165 799 290 876; x_wconf 75' lang='grc' dir='ltr'><strong><em>Ἀθήνῃσι</em></strong></span> <span class='ocrx_word' id='word_1_45' title='bbox 302 801 412 875; x_wconf 83' lang='grc' dir='ltr'><strong><em>Μόρον,</em></strong></span> <span class='ocrx_word' id='word_1_46' title='bbox 427 803 712 909; x_wconf 73' lang='grc' dir='ltr'><strong><em>παραλαμβάνουσι</em></strong></span> <span class='ocrx_word' id='word_1_47' title='bbox 682 824 730 872; x_wconf 76' lang='grc' dir='ltr'><strong><em>την</em></strong></span> <span class='ocrx_word' id='word_1_48' title='bbox 743 797 812 859; x_wconf 83' lang='grc' dir='ltr'><strong><em>όπα·</em></strong></span> 
     </span>
     <span class='ocr_line' id='line_1_9' title="bbox 62 882 813 986; baseline 0 -46"><span class='ocrx_word' id='word_1_49' title='bbox 62 908 109 942; x_wconf 90' lang='grc' dir='ltr'><strong><em>τον</em></strong></span> <span class='ocrx_word' id='word_1_50' title='bbox 123 882 206 986; x_wconf 76' lang='grc' dir='ltr'><strong><em>άρχήν</em></strong></span> <span class='ocrx_word' id='word_1_51' title='bbox 219 887 382 959; x_wconf 84' lang='grc' dir='ltr'><strong><em>Πόστουμος</em></strong></span> <span class='ocrx_word' id='word_1_52' title='bbox 394 888 531 960; x_wconf 70' lang='grc' dir='ltr'><strong><em>Κομίνιος</em></strong></span> <span class='ocrx_word' id='word_1_53' title='bbox 543 906 588 942; x_wconf 87' lang='grc' dir='ltr'><strong><em>και</em></strong></span> <span class='ocrx_word' id='word_1_54' title='bbox 578 887 813 960; x_wconf 82' lang='grc' dir='ltr'><strong><em>ΤῖτοςΛάρκιος·</em></strong></span> 
     </span>
     <span class='ocr_line' id='line_1_10' title="bbox 60 958 814 1043; baseline -0.004 -16"><span class='ocrx_word' id='word_1_55' title='bbox 60 965 105 1043; x_wconf 76' lang='grc' dir='ltr'><strong><em>ἐφ’</em></strong></span> <span class='ocrx_word' id='word_1_56' title='bbox 120 958 155 1028; x_wconf 82' lang='grc' dir='ltr'><strong><em>ῶν</em></strong></span> <span class='ocrx_word' id='word_1_57' title='bbox 167 969 318 1040; x_wconf 84' lang='grc' dir='ltr'><strong><em>απέοτηοαν</em></strong></span> <span class='ocrx_word' id='word_1_58' title='bbox 331 991 360 1025; x_wconf 91' lang='grc' dir='ltr'><strong><em>αι</em></strong></span> <span class='ocrx_word' id='word_1_59' title='bbox 378 974 502 1027; x_wconf 89' lang='grc' dir='ltr'><strong><em>Λατίνων</em></strong></span> <span class='ocrx_word' id='word_1_60' title='bbox 519 972 607 1036; x_wconf 90' lang='grc' dir='ltr'><strong><em>πόλεις</em></strong></span> <span class='ocrx_word' id='word_1_61' title='bbox 625 968 678 1033; x_wconf 84' lang='grc' dir='ltr'><strong><em>άπδ</em></strong></span> <span class='ocrx_word' id='word_1_62' title='bbox 696 975 742 1035; x_wconf 80' lang='grc' dir='ltr'><strong><em>τῆς</em></strong></span> <span class='ocrx_word' id='word_1_63' title='bbox 752 965 814 1024; x_wconf 76' lang='lat' dir='ltr'>‘Pm-</span> 
     </span>
     <span class='ocr_line' id='line_1_11' title="bbox 60 1050 812 1130; baseline -0.004 -20"><span class='ocrx_word' id='word_1_64' title='bbox 60 1054 150 1130; x_wconf 82' lang='grc' dir='ltr'><strong><em>μαίων</em></strong></span> <span class='ocrx_word' id='word_1_65' title='bbox 163 1057 260 1125; x_wconf 80' lang='grc' dir='ltr'><strong><em>φιλίας,</em></strong></span> <span class='ocrx_word' id='word_1_66' title='bbox 272 1050 437 1110; x_wconf 78' lang='grc' dir='ltr'><strong><em>Οκταονίου</em></strong></span> <span class='ocrx_word' id='word_1_67' title='bbox 451 1055 602 1126; x_wconf 89' lang='grc' dir='ltr'><strong><em>Μαμιλίου,</em></strong></span> <span class='ocrx_word' id='word_1_68' title='bbox 624 1076 673 1111; x_wconf 90' lang='grc' dir='ltr'><strong><em>του</em></strong></span> <span class='ocrx_word' id='word_1_69' title='bbox 657 1054 812 1124; x_wconf 80' lang='grc' dir='ltr'><strong><em>κηδεσταῖν</em></strong></span> 
     </span>
     <span class='ocr_line' id='line_1_12' title="bbox 66 1137 811 1212; baseline -0.007 -17"><span class='ocrx_word' id='word_1_70' title='bbox 66 1140 228 1212; x_wconf 81' lang='grc' dir='ltr'><strong><em>Ταρκυνίου,</em></strong></span> <span class='ocrx_word' id='word_1_71' title='bbox 242 1137 304 1203; x_wconf 79' lang='grc' dir='ltr'><strong><em>τοὺς</em></strong></span> <span class='ocrx_word' id='word_1_72' title='bbox 316 1140 541 1208; x_wconf 77' lang='grc' dir='ltr'><strong><em>ἐπιφανεστάτους</em></strong></span> <span class='ocrx_word' id='word_1_73' title='bbox 552 1141 579 1201; x_wconf 74' lang='grc' dir='ltr'><strong><em>ἐξ</em></strong></span> <span class='ocrx_word' id='word_1_74' title='bbox 590 1140 699 1208; x_wconf 75' lang='grc' dir='ltr'><strong><em>ἑκάστης</em></strong></span> <span class='ocrx_word' id='word_1_75' title='bbox 705 1140 811 1202; x_wconf 84' lang='grc' dir='ltr'><strong><em>πόλεως,</em></strong></span> 
     </span>
     <span class='ocr_line' id='line_1_13' title="bbox 61 1220 813 1295; baseline -0.005 -17"><span class='ocrx_word' id='word_1_76' title='bbox 61 1223 126 1286; x_wconf 75' lang='grc' dir='ltr'><strong><em>τοὺς</em></strong></span> <span class='ocrx_word' id='word_1_77' title='bbox 137 1223 186 1295; x_wconf 82' lang='grc' dir='ltr'><strong><em>μὲν</em></strong></span> <span class='ocrx_word' id='word_1_78' title='bbox 198 1221 355 1291; x_wconf 78' lang='grc' dir='ltr'><strong><em>ὑποσχέσεσι</em></strong></span> <span class='ocrx_word' id='word_1_79' title='bbox 369 1220 465 1294; x_wconf 85' lang='grc' dir='ltr'><strong><em>δώρων,</em></strong></span> <span class='ocrx_word' id='word_1_80' title='bbox 479 1221 540 1285; x_wconf 85' lang='grc' dir='ltr'><strong><em>τοός</em></strong></span> <span class='ocrx_word' id='word_1_81' title='bbox 554 1221 581 1276; x_wconf 85' lang='grc' dir='ltr'><strong><em>δέ</em></strong></span> <span class='ocrx_word' id='word_1_82' title='bbox 595 1222 696 1292; x_wconf 69' lang='grc' dir='ltr'><strong><em>δεήσεσι</em></strong></span> <span class='ocrx_word' id='word_1_83' title='bbox 707 1223 813 1277; x_wconf 74' lang='grc' dir='ltr'><strong><em>πείσαν·</em></strong></span> 
     </span>
     <span class='ocr_line' id='line_1_14' title="bbox 63 1304 812 1380; baseline -0.005 -18"><span class='ocrx_word' id='word_1_84' title='bbox 63 1327 110 1372; x_wconf 85' lang='grc' dir='ltr'><strong><em>τος</em></strong></span> <span class='ocrx_word' id='word_1_85' title='bbox 121 1306 274 1380; x_wconf 79' lang='grc' dir='ltr'><strong><em>συμπρᾶξαι</em></strong></span> <span class='ocrx_word' id='word_1_86' title='bbox 285 1308 341 1368; x_wconf 78' lang='grc' dir='ltr'><strong><em>τοῖς</em></strong></span> <span class='ocrx_word' id='word_1_87' title='bbox 353 1307 455 1376; x_wconf 81' lang='grc' dir='ltr'><strong><em>φυγάσι</em></strong></span> <span class='ocrx_word' id='word_1_88' title='bbox 470 1305 515 1373; x_wconf 75' lang='grc' dir='ltr'><strong><em>τὴν</em></strong></span> <span class='ocrx_word' id='word_1_89' title='bbox 527 1304 659 1361; x_wconf 80' lang='grc' dir='ltr'><strong><em>κάθοδον.</em></strong></span> <span class='ocrx_word' id='word_1_90' title='bbox 682 1305 727 1360; x_wconf 79' lang='grc' dir='ltr'><strong><em>καί</em></strong></span> <span class='ocrx_word' id='word_1_91' title='bbox 739 1306 812 1376; x_wconf 87' lang='grc' dir='ltr'><strong><em>γίνε-</em></strong></span> 
     </span>
     <span class='ocr_line' id='line_1_15' title="bbox 62 1385 812 1489; baseline -0.004 -45"><span class='ocrx_word' id='word_1_92' title='bbox 62 1411 110 1444; x_wconf 87' lang='grc' dir='ltr'><strong><em>ται</em></strong></span> <span class='ocrx_word' id='word_1_93' title='bbox 123 1389 197 1456; x_wconf 75' lang='grc' dir='ltr'><strong><em>κοινὴ</em></strong></span> <span class='ocrx_word' id='word_1_94' title='bbox 221 1390 272 1444; x_wconf 88' lang='grc' dir='ltr'><strong><em>τῶν</em></strong></span> <span class='ocrx_word' id='word_1_95' title='bbox 286 1392 471 1462; x_wconf 75' lang='grc' dir='ltr'><strong><em>συναγομένων</em></strong></span> <span class='ocrx_word' id='word_1_96' title='bbox 497 1387 533 1452; x_wconf 80' lang='grc' dir='ltr'><strong><em>εἰς</em></strong></span> <span class='ocrx_word' id='word_1_97' title='bbox 550 1393 705 1463; x_wconf 80' lang='grc' dir='ltr'><strong><em>Φερεντῖνον</em></strong></span> <span class='ocrx_word' id='word_1_98' title='bbox 717 1385 812 1489; x_wconf 71' lang='grc' dir='ltr'><strong><em>άγορρὶ,</em></strong></span> 
     </span>
     <span class='ocr_line' id='line_1_16' title="bbox 62 1467 814 1546; baseline -0.007 -18"><span class='ocrx_word' id='word_1_99' title='bbox 62 1474 133 1540; x_wconf 80' lang='grc' dir='ltr'><strong><em>πλην</em></strong></span> <span class='ocrx_word' id='word_1_100' title='bbox 156 1473 218 1544; x_wconf 85' lang='grc' dir='ltr'><strong><em>μιῶς</em></strong></span> <span class='ocrx_word' id='word_1_101' title='bbox 243 1475 287 1540; x_wconf 77' lang='grc' dir='ltr'><strong><em>τῆς</em></strong></span> <span class='ocrx_word' id='word_1_102' title='bbox 309 1468 445 1543; x_wconf 79' lang='grc' dir='ltr'><strong><em>Ῥωμαίων</em></strong></span> <span class='ocrx_word' id='word_1_103' title='bbox 470 1474 581 1537; x_wconf 88' lang='grc' dir='ltr'><strong><em>πόλεως·</em></strong></span> <span class='ocrx_word' id='word_1_104' title='bbox 607 1473 751 1574; x_wconf 80' lang='grc' dir='ltr'><strong><em>ταίτῃγάρ</em></strong></span> <span class='ocrx_word' id='word_1_105' title='bbox 766 1467 814 1525; x_wconf 84' lang='grc' dir='ltr'><strong><em>οόκ</em></strong></span> 
     </span>
     <span class='ocr_line' id='line_1_17' title="bbox 62 1552 814 1657; baseline -0.001 -47"><span class='ocrx_word' id='word_1_106' title='bbox 62 1556 223 1657; x_wconf 72' lang='grc' dir='ltr'><strong><em>ἐπήγγειλαν</em></strong></span> <span class='ocrx_word' id='word_1_107' title='bbox 235 1559 312 1629; x_wconf 85' lang='grc' dir='ltr'><strong><em>μόνη,</em></strong></span> <span class='ocrx_word' id='word_1_108' title='bbox 328 1557 453 1630; x_wconf 76' lang='grc' dir='ltr'><strong><em>καθάπερ</em></strong></span> <span class='ocrx_word' id='word_1_109' title='bbox 466 1552 606 1612; x_wconf 74' lang='grc' dir='ltr'><strong><em>εἱώθεισαν</em></strong></span> <span class='ocrx_word' id='word_1_110' title='bbox 607 1559 766 1629; x_wconf 70' lang='grc' dir='ltr'><strong><em>,παροίνων</em></strong></span> <span class='ocrx_word' id='word_1_111' title='bbox 787 1557 814 1609; x_wconf 85' lang='grc' dir='ltr'><strong><em>έν</em></strong></span> 
     </span>
     <span class='ocr_line' id='line_1_18' title="bbox 62 1627 814 1744; baseline -0.004 -50"><span class='ocrx_word' id='word_1_112' title='bbox 62 1627 81 1714; x_wconf 78' lang='grc' dir='ltr'><strong><em>ᾗ</em></strong></span> <span class='ocrx_word' id='word_1_113' title='bbox 98 1643 188 1744; x_wconf 75' lang='grc' dir='ltr'><strong><em>ιγῆφον</em></strong></span> <span class='ocrx_word' id='word_1_114' title='bbox 201 1643 312 1711; x_wconf 84' lang='grc' dir='ltr'><strong><em>ίνεγκεῖν</em></strong></span> <span class='ocrx_word' id='word_1_115' title='bbox 326 1639 379 1694; x_wconf 74' lang='grc' dir='ltr'><strong><em>ἔδει</em></strong></span> <span class='ocrx_word' id='word_1_116' title='bbox 393 1642 439 1702; x_wconf 87' lang='grc' dir='ltr'><strong><em>τάς</em></strong></span> <span class='ocrx_word' id='word_1_117' title='bbox 452 1641 540 1704; x_wconf 86' lang='grc' dir='ltr'><strong><em>πόλεις</em></strong></span> <span class='ocrx_word' id='word_1_118' title='bbox 554 1640 615 1712; x_wconf 83' lang='grc' dir='ltr'><strong><em>περὶ</em></strong></span> <span class='ocrx_word' id='word_1_119' title='bbox 628 1660 675 1694; x_wconf 91' lang='grc' dir='ltr'><strong><em>τσο</em></strong></span> <span class='ocrx_word' id='word_1_120' title='bbox 660 1641 814 1710; x_wconf 81' lang='grc' dir='ltr'><strong><em>πολέμου,</em></strong></span> 
     </span>
     <span class='ocr_line' id='line_1_19' title="bbox 63 1717 814 1805; baseline -0.004 -27"><span class='ocrx_word' id='word_1_121' title='bbox 63 1722 111 1778; x_wconf 85' lang='grc' dir='ltr'><strong><em>καί</em></strong></span> <span class='ocrx_word' id='word_1_122' title='bbox 124 1724 288 1797; x_wconf 78' lang='grc' dir='ltr'><strong><em>στρατηγοὺς</em></strong></span> <span class='ocrx_word' id='word_1_123' title='bbox 302 1719 447 1805; x_wconf 81' lang='grc' dir='ltr'><strong><em>άποδεῖξαι,</em></strong></span> <span class='ocrx_word' id='word_1_124' title='bbox 460 1722 505 1778; x_wconf 81' lang='grc' dir='ltr'><strong><em>καί</em></strong></span> <span class='ocrx_word' id='word_1_125' title='bbox 518 1721 641 1798; x_wconf 79' lang='grc' dir='ltr'><strong><em>περὶτῶν</em></strong></span> <span class='ocrx_word' id='word_1_126' title='bbox 654 1717 699 1777; x_wconf 84' lang='grc' dir='ltr'><strong><em>ῶλλ</em></strong></span> <span class='ocrx_word' id='word_1_127' title='bbox 702 1741 737 1777; x_wconf 87' lang='grc' dir='ltr'><strong><em>ων</em></strong></span> <span class='ocrx_word' id='word_1_128' title='bbox 749 1723 814 1794; x_wconf 87' lang='grc' dir='ltr'><strong><em>βου-</em></strong></span> 
     </span>
     <span class='ocr_line' id='line_1_20' title="bbox 64 1801 814 1882; baseline -0.007 -19"><span class='ocrx_word' id='word_1_129' title='bbox 64 1806 218 1864; x_wconf 77' lang='grc' dir='ltr'><strong><em>λεόσαοθαι</em></strong></span> <span class='ocrx_word' id='word_1_130' title='bbox 230 1808 412 1882; x_wconf 82' lang='grc' dir='ltr'><strong><em>παρασκευῶν.</em></strong></span> <span class='ocrx_word' id='word_1_131' title='bbox 424 1801 548 1879; x_wconf 82' lang='grc' dir='ltr'><strong><em>έιυγχανε</em></strong></span> <span class='ocrx_word' id='word_1_132' title='bbox 562 1805 590 1861; x_wconf 85' lang='grc' dir='ltr'><strong><em>δέ</em></strong></span> <span class='ocrx_word' id='word_1_133' title='bbox 602 1807 670 1861; x_wconf 89' lang='grc' dir='ltr'><strong><em>κατά</em></strong></span> <span class='ocrx_word' id='word_1_134' title='bbox 691 1808 737 1860; x_wconf 89' lang='grc' dir='ltr'><strong><em>τόν</em></strong></span> <span class='ocrx_word' id='word_1_135' title='bbox 748 1807 814 1878; x_wconf 81' lang='grc' dir='ltr'><strong><em>γρό-</em></strong></span> 
     </span>
     <span class='ocr_line' id='line_1_21' title="bbox 64 1885 814 1963; baseline -0.005 -17"><span class='ocrx_word' id='word_1_136' title='bbox 64 1912 113 1946; x_wconf 90' lang='grc' dir='ltr'><strong><em>νον</em></strong></span> <span class='ocrx_word' id='word_1_137' title='bbox 137 1894 233 1947; x_wconf 80' lang='grc' dir='ltr'><strong><em>τοῦτον</em></strong></span> <span class='ocrx_word' id='word_1_138' title='bbox 246 1888 441 1962; x_wconf 83' lang='grc' dir='ltr'><strong><em>άπεοταλμένος</em></strong></span> <span class='ocrx_word' id='word_1_139' title='bbox 466 1889 519 1946; x_wconf 83' lang='grc' dir='ltr'><strong><em>ίιπί</em></strong></span> <span class='ocrx_word' id='word_1_140' title='bbox 542 1885 675 1963; x_wconf 84' lang='grc' dir='ltr'><strong><em>Ῥωμαίων</em></strong></span> <span class='ocrx_word' id='word_1_141' title='bbox 700 1891 814 1963; x_wconf 87' lang='grc' dir='ltr'><strong><em>Μάρκος</em></strong></span> 
     </span>
     <span class='ocr_line' id='line_1_22' title="bbox 69 1970 814 2049; baseline -0.003 -19"><span class='ocrx_word' id='word_1_142' title='bbox 69 1970 212 2049; x_wconf 78' lang='grc' dir='ltr'><strong><em>Οὐαλέριος</em></strong></span> <span class='ocrx_word' id='word_1_143' title='bbox 226 1975 401 2047; x_wconf 78' lang='grc' dir='ltr'><strong><em>πρεσβευτὴς,</em></strong></span> <span class='ocrx_word' id='word_1_144' title='bbox 414 1970 482 2047; x_wconf 80' lang='grc' dir='ltr'><strong><em>άνὴρ</em></strong></span> <span class='ocrx_word' id='word_1_145' title='bbox 495 1973 630 2040; x_wconf 82' lang='grc' dir='ltr'><strong><em>ὑπατικὸς,</em></strong></span> <span class='ocrx_word' id='word_1_146' title='bbox 646 1972 681 2039; x_wconf 82' lang='grc' dir='ltr'><strong><em>εἷς</em></strong></span> <span class='ocrx_word' id='word_1_147' title='bbox 693 1974 739 2038; x_wconf 85' lang='grc' dir='ltr'><strong><em>τάς</em></strong></span> <span class='ocrx_word' id='word_1_148' title='bbox 752 1972 814 2044; x_wconf 87' lang='grc' dir='ltr'><strong><em>όμό·</em></strong></span> 
     </span>
     <span class='ocr_line' id='line_1_23' title="bbox 64 2053 814 2133; baseline -0.008 -19"><span class='ocrx_word' id='word_1_149' title='bbox 64 2079 131 2133; x_wconf 91' lang='grc' dir='ltr'><strong><em>ρους</em></strong></span> <span class='ocrx_word' id='word_1_150' title='bbox 143 2059 237 2125; x_wconf 84' lang='grc' dir='ltr'><strong><em>πόλεις,</em></strong></span> <span class='ocrx_word' id='word_1_151' title='bbox 253 2058 408 2129; x_wconf 84' lang='grc' dir='ltr'><strong><em>δεησόμενος</em></strong></span> <span class='ocrx_word' id='word_1_152' title='bbox 426 2053 514 2113; x_wconf 79' lang='grc' dir='ltr'><strong><em>οὔτῶν</em></strong></span> <span class='ocrx_word' id='word_1_153' title='bbox 538 2056 620 2128; x_wconf 83' lang='grc' dir='ltr'><strong><em>μηδὲν</em></strong></span> <span class='ocrx_word' id='word_1_154' title='bbox 645 2059 814 2130; x_wconf 87' lang='grc' dir='ltr'><strong><em>νεωτερίζειν·</em></strong></span> 
     </span>
     <span class='ocr_line' id='line_1_24' title="bbox 64 2137 815 2215; baseline -0.008 -17"><span class='ocrx_word' id='word_1_155' title='bbox 64 2138 206 2215; x_wconf 75' lang='grc' dir='ltr'><strong><em>ἐλῄστευον</em></strong></span> <span class='ocrx_word' id='word_1_156' title='bbox 230 2142 282 2215; x_wconf 90' lang='grc' dir='ltr'><strong><em>γάρ</em></strong></span> <span class='ocrx_word' id='word_1_157' title='bbox 304 2145 330 2203; x_wconf 74' lang='grc' dir='ltr'><strong><em>ἐξ</em></strong></span> <span class='ocrx_word' id='word_1_158' title='bbox 354 2137 441 2196; x_wconf 74' lang='grc' dir='ltr'><strong><em>αὐτῶν</em></strong></span> <span class='ocrx_word' id='word_1_159' title='bbox 467 2161 533 2204; x_wconf 86' lang='grc' dir='ltr'><strong><em>τινες</em></strong></span> <span class='ocrx_word' id='word_1_160' title='bbox 554 2141 615 2205; x_wconf 83' lang='grc' dir='ltr'><strong><em>τοδς</em></strong></span> <span class='ocrx_word' id='word_1_161' title='bbox 636 2140 815 2213; x_wconf 83' lang='grc' dir='ltr'><strong><em>ὁμοτέρμονας</em></strong></span> 
     </span>
     <span class='ocr_line' id='line_1_25' title="bbox 67 2222 813 2299; baseline -0.005 -21"><span class='ocrx_word' id='word_1_162' title='bbox 67 2223 174 2299; x_wconf 85' lang='grc' dir='ltr'><strong><em>άγροδς,</em></strong></span> <span class='ocrx_word' id='word_1_163' title='bbox 190 2223 300 2280; x_wconf 81' lang='grc' dir='ltr'><strong><em>ὑπότῶκ</em></strong></span> <span class='ocrx_word' id='word_1_164' title='bbox 314 2225 433 2281; x_wconf 78' lang='grc' dir='ltr'><strong><em>δυνατῶν</em></strong></span> <span class='ocrx_word' id='word_1_165' title='bbox 446 2222 675 2295; x_wconf 74' lang='grc' dir='ltr'><strong><em>ἀποστελλόμενοι,</em></strong></span> <span class='ocrx_word' id='word_1_166' title='bbox 689 2223 734 2278; x_wconf 86' lang='grc' dir='ltr'><strong><em>καὶ</em></strong></span> <span class='ocrx_word' id='word_1_167' title='bbox 747 2222 813 2276; x_wconf 83' lang='grc' dir='ltr'><strong><em>πολ-</em></strong></span> 
     </span>
    </p>
   </div>
   <div class='ocr_carea' id='block_1_5' title="bbox 65 2300 815 2631">
    <p class='ocr_par' dir='ltr' id='par_1_5' title="bbox 65 2300 815 2631">
     <span class='ocr_line' id='line_1_26' title="bbox 65 2300 813 2382; baseline -0.005 -20"><span class='ocrx_word' id='word_1_168' title='bbox 65 2311 98 2362; x_wconf 84' lang='grc' dir='ltr'><strong><em>λα’</em></strong></span> <span class='ocrx_word' id='word_1_169' title='bbox 113 2309 176 2371; x_wconf 84' lang='grc' dir='ltr'><strong><em>τσδς</em></strong></span> <span class='ocrx_word' id='word_1_170' title='bbox 187 2309 318 2381; x_wconf 77' lang='grc' dir='ltr'><strong><em>γεωργοὺς</em></strong></span> <span class='ocrx_word' id='word_1_171' title='bbox 336 2310 386 2362; x_wconf 92' lang='grc' dir='ltr'><strong><em>τῶν</em></strong></span> <span class='ocrx_word' id='word_1_172' title='bbox 405 2305 492 2382; x_wconf 86' lang='grc' dir='ltr'><strong><em>άγρῶν</em></strong></span> <span class='ocrx_word' id='word_1_173' title='bbox 511 2307 657 2380; x_wconf 83' lang='grc' dir='ltr'><strong><em>έβλαπτον·</em></strong></span> <span class='ocrx_word' id='word_1_174' title='bbox 685 2300 713 2369; x_wconf 82' lang='grc' dir='ltr'><strong><em>ός</em></strong></span> <span class='ocrx_word' id='word_1_175' title='bbox 725 2305 813 2372; x_wconf 71' lang='grc' dir='ltr'><strong><em>ἐπειδὴ</em></strong></span> 
     </span>
     <span class='ocr_line' id='line_1_27' title="bbox 66 2387 815 2466; baseline -0.008 -20"><span class='ocrx_word' id='word_1_176' title='bbox 66 2394 114 2459; x_wconf 76' lang='grc' dir='ltr'><strong><em>τήν</em></strong></span> <span class='ocrx_word' id='word_1_177' title='bbox 126 2393 217 2459; x_wconf 73' lang='grc' dir='ltr'><strong><em>κοινάν</em></strong></span> <span class='ocrx_word' id='word_1_178' title='bbox 230 2389 344 2447; x_wconf 87' lang='grc' dir='ltr'><strong><em>σίινοδον</em></strong></span> <span class='ocrx_word' id='word_1_179' title='bbox 357 2389 421 2466; x_wconf 74' lang='grc' dir='ltr'><strong><em>ἔγνω</em></strong></span> <span class='ocrx_word' id='word_1_180' title='bbox 439 2395 489 2446; x_wconf 88' lang='grc' dir='ltr'><strong><em>τῶν</em></strong></span> <span class='ocrx_word' id='word_1_181' title='bbox 501 2394 600 2447; x_wconf 89' lang='grc' dir='ltr'><strong><em>πόλεων</em></strong></span> <span class='ocrx_word' id='word_1_182' title='bbox 609 2389 756 2463; x_wconf 81' lang='grc' dir='ltr'><strong><em>γινομένην,</em></strong></span> <span class='ocrx_word' id='word_1_183' title='bbox 771 2387 815 2443; x_wconf 81' lang='grc' dir='ltr'><strong><em>ε’πί</em></strong></span> 
     </span>
     <span class='ocr_line' id='line_1_28' title="bbox 67 2471 815 2549; baseline -0.004 -21"><span class='ocrx_word' id='word_1_184' title='bbox 67 2477 102 2547; x_wconf 77' lang='grc' dir='ltr'><strong><em>τῷ</em></strong></span> <span class='ocrx_word' id='word_1_185' title='bbox 118 2474 258 2549; x_wconf 82' lang='grc' dir='ltr'><strong><em>διενεγκεῖν</em></strong></span> <span class='ocrx_word' id='word_1_186' title='bbox 271 2471 378 2537; x_wconf 84' lang='grc' dir='ltr'><strong><em>άπάσας</em></strong></span> <span class='ocrx_word' id='word_1_187' title='bbox 390 2476 437 2544; x_wconf 79' lang='grc' dir='ltr'><strong><em>τήν</em></strong></span> <span class='ocrx_word' id='word_1_188' title='bbox 451 2473 569 2547; x_wconf 77' lang='grc' dir='ltr'><strong><em>περὶτοῦ</em></strong></span> <span class='ocrx_word' id='word_1_189' title='bbox 584 2476 700 2544; x_wconf 85' lang='grc' dir='ltr'><strong><em>πολέμου</em></strong></span> <span class='ocrx_word' id='word_1_190' title='bbox 713 2475 815 2545; x_wconf 79' lang='grc' dir='ltr'><strong><em>φῆφον,</em></strong></span> 
     </span>
     <span class='ocr_line' id='line_1_29' title="bbox 67 2553 815 2631; baseline -0.004 -18"><span class='ocrx_word' id='word_1_191' title='bbox 67 2559 154 2614; x_wconf 80' lang='grc' dir='ltr'><strong><em>ἐλθὼν</em></strong></span> <span class='ocrx_word' id='word_1_192' title='bbox 178 2559 222 2615; x_wconf 83' lang='grc' dir='ltr'><strong><em>έπλ</em></strong></span> <span class='ocrx_word' id='word_1_193' title='bbox 236 2561 281 2615; x_wconf 88' lang='grc' dir='ltr'><strong><em>τόν</em></strong></span> <span class='ocrx_word' id='word_1_194' title='bbox 306 2559 442 2631; x_wconf 82' lang='grc' dir='ltr'><strong><em>σόλλογον,</em></strong></span> <span class='ocrx_word' id='word_1_195' title='bbox 469 2558 514 2613; x_wconf 80' lang='grc' dir='ltr'><strong><em>καὶ</em></strong></span> <span class='ocrx_word' id='word_1_196' title='bbox 538 2558 617 2629; x_wconf 86' lang='grc' dir='ltr'><strong><em>λόγον</em></strong></span> <span class='ocrx_word' id='word_1_197' title='bbox 645 2553 815 2628; x_wconf 75' lang='grc' dir='ltr'><strong><em>αἰτησάμενος</em></strong></span> 
     </span>
    </p>
   </div>
   <div class='ocr_carea' id='block_1_6' title="bbox 0 0 958 2970">
    <p class='ocr_par' dir='ltr' id='par_1_6' title="bbox 0 0 958 2970">
     <span class='ocr_line' id='line_1_30' title="bbox 0 0 958 2970; baseline 0 0"><span class='ocrx_word' id='word_1_198' title='bbox 0 0 958 2970; x_wconf 95' lang='lat' dir='ltr'><strong><em> </em></strong></span> 
     </span>
    </p>
   </div>
  </div>
 </body>
</html>
