1890 2970
193 109 471 177 ANTIQVITATVM
490 109 626 163 ROMAN.
645 113 708 163 LIB.
718 115 749 165 V.
802 120 853 176 187

97 208 287 289 δημοσίαςτήν
306 215 403 289 μεταξδ
432 213 547 286 Φιδήνης
572 216 618 273 καί
642 218 836 289 Πικεντίας,’
818 244 851 286 οις

95 299 151 370 ἔχοι
164 298 299 374 διανεῖμαι
312 296 461 374 κλόροις“
442 320 528 357 απασι
543 301 669 377 τοῖςπερὶ
688 299 819 370 αὐτίκ’
800 301 855 376 αφ’.

96 371 132 440 ὧν
151 406 196 441 και
186 383 279 458 φυλή
301 405 340 448 τις
356 388 455 459 ἐγένετο
476 385 525 441 σὺν
534 387 634 459 χρόνῳ,
654 387 781 486 Κλριυδία
802 409 850 445 κα-

94 470 223 542 λουμένῃ,
249 466 296 525 καί
306 471 397 546 μέχρις
409 471 475 526 όιιοίι
489 470 600 543 διέμεινε
623 471 654 525 τί
668 466 734 527 αὐτο
727 474 848 540 ’φυλοίυΙ

93 573 181 610 τουσα
195 550 291 626 ὄνομα.

157 632 259 694 XLI.'
254 636 323 695 Επεί
339 637 367 694 δι’
386 637 583 712 παρεσκεύαστο
602 634 712 694 ἅπαντα
731 636 847 713 οίμφοτὲ·

91 744 162 800 ροις,
174 723 278 795 πρῶτον
295 721 344 795 μίν
356 726 448 798 λῆγον
462 744 489 778 οι
479 721 576 795 ΣαρΤ
577 743 619 779 νοι
643 722 690 786 τοίς
715 721 846 798 δυνάμεις,

90 806 138 864 καί
151 826 294 863 ποιουνται
309 804 357 861 δίο
371 807 549 908 παρεμβολρίς,
564 808 684 879 μίανμὲν
696 800 845 883 ὕπαιθρον,

90 913 124 948 ου
115 887 231 964 ’πρόσω
248 890 372 960 Φιδήνης,
386 885 520 967 λτὲρανιΥ
533 887 644 965 ίνάδτμ
635 890 774 967 ”Φιδήνῃ,
790 913 847 962 φυ-

90 976 170 1043 λακῆς
184 993 211 1028 τε
223 977 275 1030 τῶν
288 973 365 1030 ἔνδον
390 971 476 1041 ἕνεκα,
502 972 548 1030 καί
561 977 720 1048 καταφυγῆς
737 977 790 1032 τῶν
800 976 846 1040 {Zao

90 1058 361 1134 στρατοπεδευόντων,
381 1053 416 1113 ίίν
428 1080 454 1114 τι
465 1061 573 1133 γένηται
585 1062 707 1134 πταῖσμα
721 1060 780 1136 περί
793 1057 844 1118 αδ-

90 1141 162 1206 τοίις.
175 1140 265 1198 ἔπειτα
279 1140 306 1198 οἱ
318 1145 368 1198 τῶν
379 1138 514 1215 Ῥωμαίων
525 1139 634 1210 ὕπατοι,
646 1145 786 1217 μαθόντες
798 1148 846 1216 τὴν

90 1229 142 1282 τῶν
154 1228 280 1301 Σαβίνων
292 1226 337 1282 ἐπὶ
355 1225 427 1296 σφᾶς
445 1225 543 1294 ἔλασιν,
569 1227 614 1282 καί
639 1223 717 1286 αδτοί
743 1230 846 1295 ποίντας

90 1306 198 1383 ίίγοντες
209 1310 273 1374 τοδς
286 1313 314 1364 ἐν
328 1307 414 1382 ἀκμῇ,
435 1310 692 1386 στρατοπεδεύονται
703 1312 782 1414 χωρίς
794 1312 845 1370 ιίλ-
902 1328 904 1332 “

90 1395 180 1463 ίὴλων,
198 1390 384 1468 Οὐαλέριος
352 1414 400 1465 μιν
413 1389 498 1468 οίγγου
511 1397 555 1464 τῆς
570 1392 758 1473 υποίθρου
725 1417 775 1452 των
789 1406 843 1453 Σα·

88 1478 171 1552 βίνων
183 1479 365 1552 παρεμβολῆς,
392 1479 559 1581 Λουκρήτιος
573 1475 601 1535 δ’
621 1477 712 1554 ὀλίγον
726 1476 842 1548 αποθεν,

88 1557 128 1618 ἐπ’
143 1560 234 1662 ίίγθρυ
245 1562 324 1630 τινός,
340 1551 435 1618 ὅθεν
419 1583 453 1631 ην
466 1562 481 1618 δ
496 1560 842 1666 ετεροςγρίραξκαιαφανὴς.

88 1643 165 1718 ἡμίν
181 1666 229 1701 ουν
242 1647 294 1701 τῶν
303 1642 439 1720 Ῥωμαίων
456 1636 616 1721 υπόληψις
600 1668 640 1715 ην,
668 1645 701 1712 ὧς
719 1645 778 1703 ἐν’
760 1652 840 1721 αγῶνι

88 1730 195 1804 φανερῷ
221 1750 269 1787 του
254 1730 400 1804 πολεμου
424 1732 532 1801 ταγείαν
557 1731 702 1796 δέοντος
672 1753 721 1799 την
746 1733 841 1806 κρίσιν,

87 1815 233 1888 συμβαλεῖν
248 1817 304 1892 τοῖς
321 1817 458 1888 πολεμίοις
476 1810 587 1872 αδτίκα·
615 1815 725 1872 οδε
691 1837 742 1872 των
755 1817 841 1885 Σαβί-

86 1919 140 1954 νων
152 1901 308 1975 στρατηγός,
328 1895 492 1975 δῤῥωδῶνίκ
504 1903 553 1957 τοῦ
567 1901 685 1978 φανεροῦ
710 1903 842 1976 συμφίρε·

85 1988 158 2041 σθαι
169 1986 236 2058 πρὸς
249 1979 393 2057 εὗτολμίαν
412 2004 439 2040 τε
457 1984 504 2041 καί
525 1987 666 2061 καρτερίαν
686 1983 840 2061 ἀνθρώπων

85 2063 195 2124 ἅπαντα
208 2068 241 2122 τοί
256 2067 328 2124 δεινοί
343 2065 485 2141 ὑπομένειν
497 2070 615 2140 ἑτοίμων,
630 2068 731 2141 νδιιτωρ
746 2075 840 2138 ἐπιχει-

83 2153 141 2228 ρεῖν
155 2145 248 2216 αδτοῖς
259 2149 338 2224 ἔγνω·
351 2153 398 2210 καί
410 2153 682 2228 παρασκευασάμενος
694 2155 801 2228 τοίφρου
813 2174 840 2207 τε

82 2235 161 2309 γώσει
174 2235 219 2290 καί
228 2235 347 2310 χάρακος
359 2239 484 2310 ἐπιβάσει
497 2233 515 2292 ἃ
531 2237 677 2311 πρόσφορα
686 2230 755 2292 εἶναι
767 2236 839 2308 ἔμελ·

83 2323 135 2388 λιν,
149 2318 205 2376 ἐπεί
217 2321 413 2393 ποίνιοιόγίνετο
426 2321 460 2376 τοί
472 2325 540 2398 πρὸς
552 2321 600 2376 τόν
612 2318 702 2395 οίγῶνα
716 2315 836 2394 εὐτρεπῆ,

83 2404 149 2460 αετοί
174 2405 221 2459 τόν
243 2405 348 2478 πρῶτον
371 2399 457 2461 ι’ίπνον
473 2403 626 2474 οίναοτίγσας
640 2406 670 2461 ιδ
695 2405 836 2480 κριίτιστον

84 2488 133 2542 τοῦ
147 2489 263 2561 στρατοῦ
271 2491 356 2562 μέρος,
371 2482 443 2554 ἄξειν
455 2490 500 2547 ἐπὶ
511 2492 542 2546 τό
555 2491 607 2545 τῶν
615 2485 752 2562 Ῥωμαίων
762 2487 835 2562 ἔμελ-

86 2573 129 2626 λεν
139 2570 231 2645 ἔρυμα.
246 2575 303 2638 τοῖς
321 2567 344 2627 τ’
358 2574 386 2628 ίν
409 2570 511 2649 Φιδήνῃ
530 2572 834 2649 κατεστρατοπεδευκόσι
