1890 2970
47 2722 117 2802 Ι.

146 125 197 184 182
265 113 426 170 DIONYSII
442 111 783 167 HALICARNASSENSIS

147 225 211 291 τούς
221 225 412 300 ίργαζομένσυς
427 217 480 294 ’τὴν
492 223 545 296 γῆν
563 224 744 297 παρανομεῖν·
770 214 908 286 αὐθάδεις

146 333 175 367 τε
187 310 314 383 λαβόντες
333 305 495 383 ἀποκρίσεις,
509 307 640 382 προεῖπον
652 301 746 371 αδτολς
758 306 806 360 τδν
819 306 906 360 πόλε-

148 414 206 452 οιον.
222 391 381 469 καὶγίνεται
392 386 409 461 ἦ
429 392 478 466 μέν
491 391 582 466 πρώτη
596 387 684 456 έξοδος
695 392 753 456 ένδς
765 390 819 463 τῶν,
830 387 906 455 {md-

147 499 198 536 των
212 473 370 553 Οὔαλερίου,
383 475 433 531 σάν
447 473 557 532 ἱππεῦσι
563 473 610 531 καὶ
622 476 707 548 ψιλῶν
719 475 776 538 τοίς
790 469 906 546 σὀκμοοοο·

147 566 239 627 τάτοις
251 558 387 634 αίφνίδοος
398 556 443 615 έπί
452 560 515 625 τοὺς
526 561 694 636 ληϊζομένους
705 580 738 616 τα
731 559 845 662 ’γωρίρη
859 557 905 615 καί

148 647 283 720 φδνος”
248 667 300 702 των
318 645 544 715 καταληφθέντων
556 647 584 700 έν
608 645 668 707 τοῖς
690 647 849 718 προνομαίς
857 663 905 698 συ·

145 732 215 802 γνῶν
232 728 316 785 οντων
333 728 430 794 πολέος,
446 719 491 784 οἷα
506 724 576 794 εἶκδς
588 748 629 796 ην,
643 724 835 803 άνδρώπων’
817 746 905 783 ασσυ-

146 816 250 870 τάκτωο
262 833 290 868 τε
302 812 349 868 καο
362 806 395 868 ου’
413 807 672 886 προησδημένων
642 832 691 879 την
704 809 849 883 ἰ’φοδον.”
832 832 905 867 επεο·

148 919 181 952 τοι
195 898 245 952 τῶν
260 897 385 966 Σαβίνων
398 897 498 965 πολλὴν
518 891 730 952 άποστεολάντων
748 890 788 950 ἐπ’
804 889 904 960 αὗτοδς

149 981 278 1086 στρατιάν
292 975 338 1051 ὕφ’
354 975 465 1050 ἡγεμόνι
477 983 635 1052 τεταγμένην
649 979 763 1054 έμπείρῳ
775 978 903 1051 πολέμου,

147 1067 223 1138 ἑτερο
234 1064 337 1139 γίνεται
350 1059 388 1117 ἐπ’
411 1057 510 1127 αδτοδς
522 1060 630 1128 ἔξοδοςι
627 1062 766 1136 Ρωμαίων,
787 1063 838 1118 σὺν
853 1065 903 1118 πά-

148 1168 207 1213 σαις
219 1150 277 1212 ταῖς
290 1143 483 1218 δυνάμεσιν,’
464 1151 622 1247 αμφοτέρων
636 1144 802 1220 άγδντων
767 1166 820 1202 των
834 1145 904 1204 ὖπά·

149 1227 407 1304 των.11οστοέομοσς
431 1232 481 1303 μὲν
506 1219 555 1287 οὖν
568 1232 681 1302 πλησίον
706 1234 750 1300 τῆς
762 1225 905 1333 Ῥώμηςέν

149 1312 261 1392 ὀρεινοῖς
276 1317 369 1380 τδπσος
392 1315 679 1390 κατεστρατοπέδευσε,
708 1314 797 1381 δεδιώς
814 1337 853 1388 μη
866 1337 906 1380 τος

148 1399 245 1472 έφοδος
256 1400 332 1456 έκ
297 1419 349 1456 οων
362 1400 491 1475 φυγάδων
501 1395 656 1474 γένηταιέτέ
669 1395 903 1470 αάτήνοίφνίδοος.

151 1480 297 1559 Οὐαλέριος
310 1481 336 1539 δ’
352 1483 429 1557 έγγδς
447 1485 498 1538 τῶν
517 1485 647 1557 πολεμίων
653 1525 661 1550 ,
688 1486 763 1558 παραὶ
778 1484 904 1555 ποταμδν

145 1561 256 1640 Ἀνίητα,
272 1563 300 1632 δς
312 1573 340 1624 ἐκ
355 1571 452 1632 πόλεως
475 1567 524 1640 μέν
551 1568 676 1643 Τιβύρων
701 1563 766 1624 καθ’
794 1566 902 1640 ὕψηλοίο

146 1654 230 1717 πολέος
242 1655 355 1722 ἐκχεῖται
368 1653 507 1717 σκοπέλου,
520 1652 629 1726 φέρεται
649 1652 676 1708 δέ
691 1650 736 1707 διά
750 1655 796 1722 τῆς
809 1652 901 1725 Σαβί-

145 1758 198 1792 νων
210 1735 257 1791 καί
266 1734 400 1806 Ῥωμαίων
412 1736 549 1801 πεδιάδος,
578 1735 670 1811 δρίζων
697 1738 745 1807 τὴν
769 1738 901 1811 Ιἑκατέρων

143 1821 251 1896 χώραν·
270 1822 397 1876 συνάπτει
412 1819 439 1874 δέ
452 1821 482 1874 οδ
496 1821 581 1893 ῥεῦμα
601 1819 636 1894 τῷ
651 1821 755 1895 Τεβέρει
779 1819 900 1892 ποταμηῖ,

146 1907 226 1967 καλδς
237 1905 286 1974 μέν
299 1899 430 1971 ὀφθῆναι,
444 1905 541 1977 γλυκὺς
555 1904 583 1960 δέ
595 1905 734 1961 πίνεσθαι.

208 1983 371 2043 XXXVIII.
391 1981 435 2042 'Eu
450 1987 478 2042 δέ
505 1991 555 2044 τῶν
581 1991 673 2062 ἑτέρων
698 1989 747 2044 τοῦ
772 1990 901 2061 ποταμοῦ

144 2066 259 2146 μερῶνῆ
274 2074 325 2126 τῶν
340 2072 466 2144 Σαβίνων
490 2071 572 2129 έκεοτο
586 2073 753 2147 παρεμβολὴ,
780 2073 830 2128 τοῦ
841 2071 901 2147 διά·

144 2150 301 2229 ματσςσῦδ’
316 2151 385 2258 μῦτη
378 2154 629 2226 πολὺνάπέγουσοο
643 2158 761 2221 τόπον,’
749 2179 792 2214 επι
782 2156 901 2232 γεωλά·

144 2260 200 2309 φου
214 2237 324 2304 τονδς”
309 2240 393 2314 ηρέμα
406 2243 589 2307 κατακλινους,
615 2235 648 2298 οὗ
674 2239 791 2380 σφόδρα
795 2242 902 2317 ἐχυροῦ.

145 2318 201 2378 κατ’
217 2322 300 2398 άργάς
318 2325 366 2397 μέν
391 2314 440 2379 σδν
455 2320 487 2378 δι’
513 2319 702 2397 εὖλαβεέαςί
677 2345 688 2379 ε
696 2346 747 2395 γον
773 2321 904 2394 άλλήλσυς

144 2408 271 2482 ἑκάτεροι,
286 2407 331 2462 καί
341 2408 427 2479 μάγης
450 2403 540 2483 άργεον
555 2407 696 2512 διαβάντες
712 2412 760 2465 τὸν
778 2411 903 2483 ποτομδν

145 2485 254 2546 ι’έκνσυν.
277 2493 365 2565 χρόνῳ
387 2485 416 2546 δ’
441 2486 554 2566 ὕστερον
573 2489 606 2548 οὗ
625 2495 694 2549 κατά
713 2495 843 2568 λογισμὸν
857 2492 903 2550 καὶ
937 2518 942 2527 “

141 2575 274 2652 πράνσιον
285 2576 334 2635 τοῦ
346 2577 543 2655 συμφέροντος,
560 2571 616 2633 ἀλλ’
638 2570 682 2633 ὑπ’
697 2573 778 2653 ὀργῆς
798 2575 844 2634 καί
856 2598 903 2649 φο·
932 2586 935 2591 “
