1890 2970
175 117 448 186 ANTIQVITATVM
465 117 599 170 τουτο.
616 119 679 169 ιτα.
694 121 738 171 rv.
807 125 841 180 ορ

87 225 206 298 βίβλους,
231 222 392 281 ἀπελθοῦσα
402 228 470 298 τρεῖς
482 228 508 289 ἐξ
520 219 606 280 αὐτῶν
620 226 778 281 κατέκαυσε·
792 225 839 281 καί

84 307 141 383 μετ’
155 306 188 365 οὔ
200 311 286 365 πολὺν
295 312 394 385 χρόνον
412 310 459 372 τάς
471 310 567 374 λοιπάς
578 310 716 383 ἐνέγκασα,
731 311 776 377 τῆς
790 305 838 365 αὔ-

85 398 132 464 τῆς
144 394 235 450 ἐπώλει
254 397 337 466 τιμῆς.
366 393 464 455 δόξασα
480 387 511 446 δ’
533 389 627 467 σ’ίφρων
639 393 676 458 τίς
689 386 765 460 εἶναι,
791 395 836 449 καί

82 481 250 553 γελασθεῖσα
267 478 310 534 έπί
323 476 420 551 τρίτην
433 474 516 546 αὐτὴν
527 479 605 548 τιμήν
618 474 700 531 αἰτεῖν
713 474 774 550 περὶ
787 480 838 533 τῶν

82 564 237 628 ἐλαττόνων,
265 556 299 628 ἣν
312 558 373 617 οὔόέ
385 560 444 636 περί
456 562 507 616 τῶν
520 564 647 616 πλειόνων
657 560 777 631 ἐδυνήθη
791 563 837 616 λα·

83 647 150 719 βεῖν,
167 645 325 702 ἀπελθοῦσα
338 647 418 701 πάλιν
432 648 478 710 τάς
489 641 680 718 ·ἦμισείας’τῶν
694 642 836 700 άπολειπο·

82 733 167 802 μένων
179 730 329 795 κατέκαυσε,
351 727 396 786 καί
409 732 455 795 τάς
467 732 563 793 λοιπάς
575 731 642 802 τρεῖς
664 731 792 803 ἐνέγκασα
805 734 835 786 τό

82 816 144 870 ἴσον
156 809 213 888 ᾔτει
222 815 343 889 χρυσίον.
367 809 523 887 θαυμάσας,
537 813 565 867 δέ
584 815 615 868 τό
638 811 775 885 βούλευμα
789 816 835 882 τῆς

81 900 211 973 γυναικός
235 896 511 973 όΤαρκίνιος,,τοός
536 895 736 960 οἰωνοσκόπους
759 917 835 968 μετε-

82 984 221 1055 πέμψατο,
247 982 293 1038 καί
320 982 511 1056 διηγησάμενος
523 977 615 1046 αὐτοῖς
627 983 658 1036 τό
671 982 794 1055 πρᾶγμα,
808 1003 834 1036 τι

80 1068 129 1142 γρὴ
152 1069 277 1141 πράττειν
302 1063 387 1140 ἤρετο.
415 1061 534 1140 κρίκεῖνοι
560 1065 605 1121 όιοί
631 1066 743 1141 σημείων
756 1068 834 1122 τινῶν

79 1152 215 1223 μαθόντες
230 1146 270 1204 ὅτι
282 1147 461 1224 θεόπεμπτον
472 1147 583 1223 οίγαθόν
597 1147 762 1225 άπεστράφη,
787 1151 834 1207 καί

78 1237 195 1307 μεγάλην
208 1236 351 1311 συμφοράν
364 1230 567 1304 άποφαίνοντες,
582 1236 613 1290 τό
625 1234 664 1304 μὴ
677 1235 765 1298 πάσας
777 1231 831 1289 αό-

79 1321 125 1374 τόν
138 1320 183 1382 τάς
195 1320 308 1391 βίβλους
329 1320 472 1392 πρίασθαι,
487 1320 624 1374 ἐκέλευσαν
637 1314 831 1392 ἀπαριθμῆσαι

78 1402 113 1474 τῇ
125 1401 233 1474 γυναικί
248 1404 277 1456 τό
287 1404 399 1475 χρυσέου
413 1398 477 1458 ὅσον
491 1397 555 1475 ᾔτει,
570 1401 681 1466 καλτούς
693 1405 830 1476 περιόντας

77 1488 131 1540 τῶν
140 1487 264 1558 χρησμῶν
278 1488 382 1557 λαβεῖν·
406 1483 422 1556 ἡ
436 1488 483 1557 μέν
498 1473 547 1541 οτῖν
564 1489 633 1560 γυνη
654 1488 700 1549 τάς
719 1488 829 1558 βίβλους

79 1571 176 1634 δοῦσα,
190 1568 234 1624 καί
249 1571 376 1640 φράσασα
393 1575 480 1645 τηρεῖν
493 1573 625 1642 ἐπιμελῶς,
640 1573 667 1631 ἐξ
679 1567 829 1641 ἀνθρώπων

78 1652 231 1723 ἠφανίσθη.
251 1653 266 1707 ό
281 1652 308 1707 όέ
325 1653 470 1726 Ταρκυίνιος
479 1654 533 1710 ’τῶν
551 1653 638 1708 άστῶν
657 1648 755 1727 άνδρας
767 1657 828 1709 ἐπι·

78 1740 172 1809 φονεῖς
190 1736 239 1792 όάο
258 1740 499 1810 προχειρισάμενος,
519 1737 569 1792 καί
579 1737 724 1811 δημοσίους
737 1732 828 1801 αὐτοῖς

78 1820 128 1875 όάο
142 1823 313 1895 θεράποντας
331 1821 502 1896 παραζεύξας,
526 1823 635 1885 ἐκείνοις
649 1817 765 1877 άπέόιοκε
779 1824 827 1889 την

76 1907 129 1959 τῶν
141 1906 250 1977 βιβλίων
263 1906 393 1977 φυλακην,
415 1893 450 1962 ῶν
463 1908 509 1961 τόν
521 1903 608 1980 ἕτερον
620 1906 737 1980 Μάρκον
753 1900 826 1961 Ἀιά-

75 1990 141 2054 λιον,
158 1987 258 2044 άόικεῖν
273 2011 297 2044 τι
312 1989 422 2051 όόξαντα
435 1989 495 2063 περί
507 1992 554 2058 την
568 1991 664 2058 πίστιν,Ι
688 1989 732 2045 καί
742 2009 825 2064 μηνυ-

74 2073 162 2128 θέντα
179 2067 224 2141 ὑφ’
239 2075 300 2138 ἑνός’
319 2077 370 2129 τῶν
391 2074 528 2144 ίημοσίτον,
544 2072 577 2139 ῶς
587 2076 776 2148 πατροκτόνον,
791 2070 826 2137 είς

75 2153 159 2211 άσκόν
173 2157 292 2229 έῤῥάφας
303 2160 400 2229 βόειον,
414 2157 522 2232 έῤῥιιμεν
534 2154 568 2221 είς
581 2160 612 2213 τό
626 2161 746 2228 πέλαγος.
759 2159 825 2227 μετά

74 2239 104 2294 δέ
116 2240 164 2305 τήν
182 2240 294 2311 έκβολὴν
307 2243 358 2296 τῶν
370 2244 499 2314 βασιλέων
523 2236 540 2310 ἦ
553 2241 627 2302 πόλις
652 2237 825 2309 άναλαβοῖισα

75 2324 121 2384 τὴν
135 2324 185 2378 τῶν
196 2325 319 2397 χρησμῶν
337 2324 511 2398 προστασίαν,
529 2320 628 2398 άνδρας
646 2323 708 2386 τούς
728 2325 823 2390 ἐπιφα-

75 2408 214 2472 τεσιάτους
221 2405 410 2464 ἀποδείκνυσιν
422 2404 509 2464 αὐτῶν
523 2408 650 2480 φίλακας,
663 2406 692 2462 οἳ
704 2406 748 2462 όιά
760 2405 824 2478 βίον

76 2489 175 2559 ταύτην
188 2490 277 2561 έχουσι
288 2492 337 2560 την
354 2493 511 2564 ἐπιμέλειαν,
531 2493 672 2567 στρατειῶν
686 2488 823 2564 άφειμένοι

76 2572 122 2629 καί
137 2577 186 2632 τῶν
212 2571 296 2632 οῖλλων
320 2578 371 2633 τῶν
384 2579 452 2633 κατά
465 2578 513 2648 τὴν
529 2578 605 2634 πόλιν
615 2608 617 2611 -
628 2579 833 2653 πραγματειῶν,

616 2659 671 2714 ⁰12
