1890 2970
186 112 733 180 Αυυισυιυιυυιοιεουιυ.υιυ.ι·ι.
783 120 835 178 249

84 219 120 285 τίς
133 220 180 284 τάς
192 220 266 286 όντός
279 220 379 289 τείχους
391 221 548 276 κατέταττον
562 221 706 295 στρατείας,
720 225 775 286 τοῖς
788 246 836 280 πο-

83 307 192 367 λιτικοῖς
216 303 450 378 ἐγκαταμιγνύντες
472 305 573 373 λόγοις·
600 305 662 370 τοὺς
681 304 709 360 όί
728 308 836 370 λοιποὺς

84 387 120 453 είς
135 390 166 443 τά
178 388 239 461 περὶ
256 388 305 455 την
317 387 395 442 πόλιν
409 385 611 454 άασστὲλλοντες
633 388 764 465 φροάρια,
790 391 835 444 καί

84 469 288 536 ταῖςάποικίαις
314 468 526 545 άπομερίζοντες,
552 472 598 528 ’ίνα
614 473 650 547 μὴ
672 493 696 528 τι
715 476 833 548 νεωτερί-

84 576 167 621 σειαν,
182 549 253 624 εἶχον
265 557 293 609 ἐν
305 556 420 629 φυλακῇ.
436 554 560 612 ἁπάντων
574 556 601 612 όί
615 557 662 625 την
675 551 758 624 αότὴν
769 560 834 631 γνὼ-

84 660 138 712 μην
151 641 300 712 λαβόντων,
328 634 369 694 ότι
388 639 451 711 μιάς
469 639 508 695 όεί
520 642 600 695 πάλιν
613 643 667 705 τοῖς
680 641 834 716 πράγμασιν

69 722 227 796 ἀφειμένης
250 717 357 779 άπσντα
384 722 493 778 όιοεκείν
519 725 586 780 κατά
611 725 658 779 τόν
684 719 767 792 αὐτῆς
787 726 833 780 λο-

84 810 181 883 γισμόν
193 804 418 863 άνυπευθάνου’
401 811 487 882 αρχῆς,
489 807 631 908 όικεάτωρ
645 805 836 864 άποόείκνυται

83 893 136 947 τῶν
150 889 257 946 ὑπάτων
276 889 292 946 ό
311 891 434 990 νεώτερος
458 877 546 953 Αὖλος
568 890 753 964 Ποστσόμιος,
782 890 835 947 ὕπὸ

84 976 133 1032 τοίι
158 975 336 1050 συνάρχοντος
356 971 528 1078 Οὐεργινίου·
554 973 687 1080 ίπιτάργην
708 975 736 1031 όί
757 971 836 1036 αὐτός

83 1058 168 1132 ἑαυτῷ
181 1059 333 1132 προσείλετο
347 1061 415 1115 κατά
431 1059 478 1114 τόν
497 1053 580 1113 αάτόν
598 1061 699 1132 τρόπον
716 1057 752 1131 τῷ
766 1080 835 1133 προ-

83 1146 146 1216 τὲρομ
161 1143 310 1217 δικτάτορι,
328 1144 409 1198 Ἰίτον
424 1138 571 1214 Αἲβοότιον
584 1136 698 1213 Ἔλβαν·
724 1142 769 1199 καὶ
783 1163 834 1196 κα-

83 1229 224 1301 ταγράψας
237 1229 264 1281 όν
283 1219 362 1296 όλίγηι
382 1225 470 1297 χρόνῳ
488 1225 550 1291 τούς
574 1229 602 1282 ἐν
620 1222 673 1301 ἥβῃ
691 1221 835 1298 Ῥωμαίους

83 1306 215 1374 ἅπαντας,
242 1305 287 1364 καί
302 1307 392 1362 όιελιίιν
405 1305 440 1371 είς
452 1310 562 1384 τέτταρα
574 1311 640 1384 με’ρη
654 1309 701 1379 τήν
713 1309 833 1382 όάναμιν,

82 1391 205 1464 μιάςμὲν
219 1385 298 1457 οὗτός
317 1385 417 1511 ἡγεῖτοΕ
420 1394 522 1466 μοίρας,
539 1395 626 1467 ίτίρας
644 1392 673 1447 όί
691 1395 738 1448 τόν
756 1393 835 1449 συνίι·

84 1495 172 1530 πατον
184 1471 372 1549 οάεργίνιον’
356 1478 442 1562 εταξεν
455 1471 551 1549 άργεεν,
577 1480 622 1546 τῆς
642 1475 670 1532 όί
688 1478 776 1549 τρίτης
788 1474 832 1531 A}

84 1558 196 1633 βοότιον
209 1556 280 1615 τόν
270 1558 418 1661 ιππάργην·
436 1558 482 1615 ἐπί
495 1558 566 1614 όί”
535 1580 581 1632 της
600 1561 723 1662 τετάρτης
737 1561 834 1615 κατέλι-

84 1663 133 1699 πεν
147 1642 263 1720 ἔπαρχον
275 1630 366 1701 Λόλον
378 1643 594 1718 Σεμπρώνιον,
579 1630 600 1697 ὧ
619 1643 668 1713 τήν
686 1643 765 1699 πόλιν
776 1663 833 1714 φο-

85 1727 188 1783 λάττειν
199 1729 346 1801 ἐπέτρεψα.

150 1808 200 1868 ΙΙΙ.
219 1811 494 1909 Παρεσκευοσμίυῳτ
485 1809 513 1864 όί
529 1807 614 1883 τούτῳ
626 1809 714 1864 πάντα
728 1812 761 1866 τά
774 1813 834 1866 ἐπι-

85 1895 176 1965 τηόεια
189 1898 256 1970 πρός
268 1896 315 1950 τόν
328 1896 458 1969 πόλεμον,
477 1880 543 1962 ἧκον
555 1890 762 1968 άγγίλλοντες’
736 1913 762 1949 οι
774 1915 834 1950 σκο-

85 1979 135 2035 ποὶ
150 1998 317 2053 πανστρατιρι
306 1976 467 2042 Λατίνους
478 1979 681 2044 ἐξεληλυθότας·
693 1999 741 2033 και
730 1966 835 2043 αὖθις

83 2062 176 2139 ετεροι,
192 2063 329 2131 όηλουνττς
344 2066 371 2124 εξ
387 2061 489 2134 ίφόόου
505 2081 531 2116 τι
548 2062 758 2134 καταληφθῆναι
770 2063 835 2160 πρός

84 2143 171 2203 αὐτῶν
182 2146 289 2250 γωρίον
292 2147 399 2248 ίχευρόν,
417 2146 561 2223 Κορβιῶνα
573 2143 750 2217 ιιαλοόμενον,
775 2149 803 2201 ἐν
815 2130 835 2216 ᾧ

83 2233 191 2304 φρουρά
210 2249 249 2292 τις
272 2249 307 2297 ην
315 2227 452 2302 Ῥωμαίων
477 2229 670 2302 ίνοικουροίισα
683 2225 776 2301 όλίγη·
801 2246 832 2294 ην

82 2313 419 2386 άπασανόιαφάείραντες,
444 2311 491 2367 καί
519 2311 655 2386 εόγοιρίον
682 2331 768 2367 αυτων
781 2331 834 2364 κα

82 2400 238 2468 τασγόντες,
265 2395 427 2470 ὁρμητήριον
454 2397 597 2452 ίποιοίιντο
623 2413 671 2450 του
702 2395 834 2467 πολέμου·

83 2479 243 2556 άνόράποόο
259 2478 287 2536 όί
300 2479 345 2536 καί
356 2479 516 2555 βοσκὴματα
530 2476 606 2553 ὀλίγα
630 2479 832 2551 κατελάμβανον

81 2569 110 2620 ίν·
124 2569 178 2626 τοῖς
191 2564 291 2642 άγροίς,
299 2562 382 2641 γυρίς
399 2565 451 2621 τῶν
469 2558 503 2622 ἐν’
516 2561 552 2640 τῷ
571 2563 714 2641 Κορβιῶνι
732 2565 851 2634 imm·
