1890 2970
156 101 433 172 ANTIQVITATVM
450 104 584 158 ROMAN.
602 108 665 158 LIB.
682 111 713 159 V·
761 117 811 169 201

60 207 110 276 τήν
136 203 285 265 άπόστασιν
299 205 420 274 ἅπαντας
445 206 587 279 ιίπέκτεινε,
618 209 707 268 τόνδ’
732 209 811 269 ἄλλον

61 291 140 359 ὄχλον
153 291 277 360 άπέδοτο,
293 295 341 363 την
356 293 383 347 δέ
403 295 480 351 πόλιν
493 298 667 365 κατέσκαψεν.

58 442 137 490 Post.
152 442 269 491 Cominio
289 451 317 507 et
335 443 364 489 T.
375 443 472 491 Lartio
483 459 551 493 εσσε.
562 447 659 495 Latini
679 441 812 502 rebellant,

298 519 325 558 et
340 511 412 559 servi
422 511 584 576 conspirant.

125 627 158 685 L.
177 624 237 685 Ἐπί
251 628 279 684 δέ
294 630 338 697 τῆς
351 628 548 700 ἑβδομηκοστῆς
565 621 760 704 Ὀλυμπιάδος,
782 626 814 695 ἢν

59 716 136 769 ἐνίκα
150 712 261 768 στάδιον
275 711 391 777 Νικαίας
404 712 424 768 ό·
432 718 538 790 Λοκρός
554 715 580 776 ἐξ
589 709 747 784 Ὀποῦντος,
762 708 813 786 άρ.

60 817 155 870 γοντος
165 793 289 871 Ἀθήνησι
302 795 412 870 Μόρον,
427 797 712 873 παραλαμβάνουσι
682 818 730 866 την
743 792 812 852 ὕπο·

61 902 109 936 τον
123 877 206 980 άργὴν
218 883 382 953 Πόστουμος
394 883 532 954 Κσμηνιος
543 902 588 936 και
579 881 813 955 ΤῖτοςΛάρκισς·

59 959 104 1037 έιρ
120 952 154 1022 ὧν
167 963 319 1034 άπέοτησαν
331 963 359 1019 αἱ
377 968 502 1021 Λατίνων
520 967 607 1031 πόλεις
625 962 678 1028 άπό
696 968 742 1029 τῆς
752 959 814 1018 ‘Pm-

60 1048 150 1124 μαίων
162 1051 259 1119 φιλίας,
272 1044 438 1104 Οκταοόίου
451 1049 602 1120 Μαμιλίου,
624 1069 672 1104 του
657 1048 812 1117 κηδεστσυ

66 1133 227 1207 Ταρκυνίου,
241 1131 303 1197 τοδς
315 1134 541 1202 ἐπιφανεστάτους
552 1135 579 1195 ἐξ
590 1134 698 1201 ἑκάστης
706 1133 810 1196 πόλεως,

61 1217 126 1280 τοός
137 1218 185 1290 μέν
199 1215 355 1284 ὑποσχέσεσι
369 1214 465 1288 δώρων,
478 1216 540 1279 τούς
554 1215 581 1271 δέ
595 1215 696 1286 δεήσεσι
707 1216 813 1270 πείσαν-

63 1320 109 1365 τος
121 1300 274 1374 συμπρᾶξαι
284 1302 341 1362 τοῖς
352 1301 455 1371 φυγάσι
470 1300 515 1368 την
527 1298 659 1355 κάθοδον.
682 1299 728 1354 καί
739 1300 812 1370 γίνε-

62 1405 110 1438 ται
122 1382 196 1450 κοινὴ
221 1384 272 1438 τῶν
285 1386 471 1455 συναγομένων
496 1380 533 1447 είς
549 1387 705 1457 Φερεντῖνον
717 1379 812 1455 άγορά,

61 1468 133 1534 πλὴν
157 1467 218 1537 μιᾶς
242 1468 287 1533 τῆς
309 1462 445 1538 Ῥωμαίων
470 1467 581 1530 πόλεως·
606 1487 689 1540 ταυτη
700 1487 751 1540 γαρ
766 1485 814 1520 ουκ

62 1550 223 1651 επηγγειλαν
235 1552 312 1623 μόνη
327 1551 453 1622 καθάπερ
466 1547 606 1606 εἰώθεισαν
606 1553 814 1624 ‚naQeva’r
787 1551 814 1603 έν

62 1657 81 1708 η
98 1636 189 1738 ιγῆφον
201 1637 312 1704 ἐνεγκεῖν
325 1632 379 1688 ἔδει
393 1636 439 1696 τάς
452 1634 540 1697 πόλεις
554 1633 615 1708 περὶ
627 1654 675 1688 του
660 1635 814 1705 πολέμου,

63 1716 111 1772 καὶ
124 1718 288 1791 στρατηγοὺς
301 1713 446 1789 άποδείξαι,
460 1716 578 1792 καὶπερὶ
591 1719 641 1772 τῶν
654 1712 737 1771 ἄλλων
748 1717 814 1788 βου-

64 1800 218 1858 λεύσασθαι
230 1802 411 1875 παρασκευῶν.
424 1795 548 1875 έτυγχανε
562 1798 589 1855 δέ
602 1801 670 1856 κατά
690 1802 737 1855 τόν
747 1801 814 1871 χρό-

64 1905 112 1940 νον
137 1904 232 1940 τουτον
246 1882 441 1955 ἀπεσταλμένος
466 1883 519 1940 υπό
542 1880 675 1958 Ῥωμαίων
700 1884 814 1988 Μάρκος

69 1964 212 2041 Οὐαλέριος
226 1964 432 2041 πρεσβευτής,’
415 1969 481 2043 ανὴρ
495 1965 668 2035 όπατικός,’
645 1990 681 2033 εις
692 1969 739 2032 τάς
751 1966 814 2038 όμό·

63 2072 130 2127 ρους
142 2054 236 2119 πόλεις,
253 2051 409 2123 δεησόμενος
426 2047 514 2106 αὐτῶν
538 2049 620 2122 μηδὲν
644 2053 813 2124 νεωτερίζειν·

64 2132 206 2209 ἐλῄστευον
231 2135 282 2208 γάρ
304 2139 330 2197 ἐξ
354 2131 441 2190 αότῶν
466 2154 532 2197 τινες
554 2135 614 2199 τούς
636 2134 814 2207 ὁμοτέρμονας

66 2217 174 2292 άγροός,
189 2217 300 2274 ὗπότῶν
314 2218 432 2274 δυνατῶν
445 2216 675 2290 ἀποστελλόμενοι,
689 2218 733 2272 καὶ
747 2218 813 2271 πολ-

64 2305 98 2356 λά
113 2304 175 2364 τοός
187 2302 318 2375 γεωργοὺς
335 2304 386 2355 τῶν
405 2299 492 2377 άγρῶν
510 2301 657 2373 ἔβλαπτον·
685 2294 713 2363 ὃς
725 2300 813 2366 ἐπειδὴ

65 2388 113 2453 τὴν
126 2387 216 2452 κοινήν
230 2383 343 2440 σόνσδον
356 2383 421 2459 έγνω
438 2389 489 2440 τῶν
501 2388 599 2441 πόλεων
608 2383 756 2459 γινομένην,
770 2381 814 2438 έπί

66 2470 102 2541 τῷ
118 2469 258 2542 διενεγκεῖν
271 2465 379 2530 άπάσας
390 2470 438 2538 τήν
450 2467 510 2542 περὶ
522 2470 569 2524 τοῖν
584 2470 700 2538 πολέμου
713 2469 814 2540 ψῆφον,

66 2553 154 2608 ἐλθὼν
178 2553 222 2609 ίπί
236 2555 280 2608 τόν
305 2552 442 2626 σόλλογσν,
469 2553 514 2608 καὶ
538 2552 617 2624 λόγον
644 2548 815 2622 αἰτησάμενος
