1890 2970
176 72 451 173 Λατιρυιτοτυοτ
471 105 597 159 οοΜΑα
623 109 729 159 τιατ.
789 114 839 169 189

148 208 239 272 XLII.
266 204 349 265 Οέίπω
368 210 448 281 μέσαι
467 209 559 277 νόκτες
582 199 668 281 ήσαν,
695 210 741 267 καί
760 211 839 268 ότῶν

82 298 209 375 ,ἳαόίνων
222 290 325 368 ήγεμών
339 288 491 362 ἀναστήσας
514 294 576 357 τούς
588 293 759 368 στρατιώτας,
776 281 839 367 ήγεν

82 384 111 442 ἐξ
123 375 211 434 αὐτῶν
223 379 254 433 τό
268 377 411 452 κράτιστον
424 379 502 452 μέρος
518 376 563 433 ἐπὶ
581 379 628 432 τόν
644 378 756 450 χάρακα,
778 397 839 432 σιω-

82 465 140 537 πρῖν
153 459 240 518 άπαοι
252 461 438 537 παραγγείλας,
453 460 499 516 καί
515 462 553 534 μή
572 463 658 518 ποιεῖν
676 461 727 514 τῶν
752 454 839 516 ὅπλων

83 549 188 620 ψόφον,
200 545 245 600 ἵνα
258 547 294 619 μή
306 548 396 619 γνοῖεν
411 539 524 611 ήκοντας
547 541 644 609 αὐτοὺς
658 541 686 599 ολ
708 545 839 616 πολέμιοι,

84 632 149 704 πρὶν
162 628 206 686 ἐπὶ
219 629 255 702 τῷ
267 630 378 704 ἐρύματι
396 629 531 703 γένωνται.
559 627 593 693 ὦς
605 626 634 686 δέ
659 626 773 698 πλησίον
786 629 840 700 ἐγέ-

84 735 166 772 νοντο
191 715 242 770 τοῗι
263 714 383 788 χάρακος
409 711 437 768 οἶ
453 714 553 789 πρῶτοι
577 713 768 788 πορευόμενοι,
794 710 841 766 καλ

85 795 147 855 οὔτε
160 799 244 873 φέγγη
258 797 417 870 λαμπτήρων
431 796 524 870 ἑώρων,
540 791 601 852 οέίτε
613 797 704 868 φωνάς
715 796 841 867 φυλάκων

83 883 252 952 κατήκουον,
279 883 380 948 πολλήν
404 881 507 956 μωρίαν
531 875 734 950 τῶνῬωμαίων
760 900 842 935 κατα·

83 971 195 1040 γνόντες,
222 961 417 1037 ὡςάφεικότων
436 966 549 1039 ἐρήμους
563 967 609 1030 τάς
634 965 766 1034 φυλακάς,
797 963 843 1019 καί

83 1054 156 1116 ἐντός
168 1052 217 1106 τοῦ
228 1050 348 1125 χάρακος
361 1049 558 1115 καθευδόντων,
570 1049 766 1123 ἐνεπίμπλασαν
780 1043 843 1116 ὕλης

83 1137 131 1200 τάς
142 1136 263 1208 τάφρους
276 1136 344 1190 κατά
358 1137 444 1190 πολλά
456 1135 536 1211 μέρη,
552 1133 598 1190 καὶ
612 1133 749 1207 διέβαινον
766 1127 841 1187 οὐδε-

84 1223 129 1286 νός
152 1219 245 1290 σφίσιν
268 1217 393 1288 ἐμποδὼν
416 1220 567 1292 γινομένου.
589 1219 785 1291 περιεκάθηντο
811 1214 840 1271 δέ

84 1303 184 1381 μεταξέι
195 1303 247 1357 τῶν
271 1302 380 1374 τάφρων
395 1301 441 1357 καί
465 1303 517 1358 τῶν
540 1301 799 1376 περισταυρωμάτων
813 1299 840 1355 οἱ

83 1383 211 1458 Ῥωμαῖοι
223 1387 293 1440 κατά
307 1385 424 1459 σπείρας,
441 1383 551 1457 άφανεῖς
565 1385 611 1442 διά
624 1388 656 1441 τό
670 1388 778 1449 σκότος,
793 1383 841 1439 καλ

85 1472 149 1533 τούς
163 1468 351 1540 διαβαίνοντας
374 1464 477 1536 αὗτῶν,
502 1465 548 1526 ὅτε
573 1472 691 1540 γένοιντο
710 1472 738 1524 ἐν
747 1468 840 1543 χερσὶν

85 1548 211 1626 [αὖτῶν,]
230 1554 366 1625 ἐφόνευον.
391 1556 467 1627 μέχρι
485 1553 533 1627 μέν
546 1543 596 1608 σόν
615 1575 686 1617 τινος
708 1553 842 1609 ἐλάνθανε

83 1637 147 1702 τοῦς
176 1634 301 1711 δστέρους
326 1639 487 1708 προσιόντας
512 1636 529 1693 δ
554 1640 606 1691 τῶν
636 1636 842 1713 προηγουμένων

84 1723 212 1794 ὄλεθρος·
225 1718 282 1775 ἐπεὶ
297 1720 325 1775 δέ
338 1721 393 1790 φῶς
413 1723 513 1795 ἐγένετο
539 1721 647 1790 σελήνης
672 1718 840 1789 άνιογοίισης,

84 1805 111 1864 ολ
125 1805 310 1875 πλησιάζοντες
323 1804 357 1877 τῇ
368 1804 474 1878 τάφρρε,
496 1803 597 1880 σωροὺς
615 1825 641 1860 τι
667 1804 776 1877 δρῶντες
789 1805 841 1859 τῶν

84 1888 189 1946 οἰκείων
200 1891 296 1956 νεκρῶν
310 1882 372 1962 παρ’
387 1883 467 1962 αὐτῇ,
479 1888 525 1944 καί
539 1892 620 1960 στίφη
633 1889 765 1961 πολεμίων
778 1909 841 1961 καρ·

85 1975 149 2048 τερά
163 1973 245 2046 όμόοε
253 1974 403 2049 χωροῦντα,
418 1973 544 2047 ῥίψαντες
556 1977 590 2028 τά
604 1970 681 2042 ὅπλα,
697 1975 841 2050 τρέπονται

84 2060 152 2134 πρὸς
171 2057 269 2130 φυγήν.
295 2055 368 2112 οἶδέ
389 2052 518 2129 Ῥωμαῖοι
533 2058 603 2131 μέγα
628 2055 840 2130 άναβοήοαντες·

85 2130 117 2211 ήν
132 2141 160 2197 δέ
174 2142 255 2196 τοῦτο
266 2143 294 2196 τό
309 2139 437 2213 οδνθημα
449 2144 506 2207 τοῖς
518 2138 563 2196 ἐπὶ
576 2144 622 2210 τῆς
634 2141 723 2214 ἑτέρας
735 2160 840 2214 παρεμ-

87 2229 182 2297 όολής·
196 2224 361 2299 ἐκτρέχουσιν
374 2220 414 2279 ἐπ’
428 2220 527 2291 αὐτοὺς
538 2219 653 2290 άπαντες
666 2221 775 2296 άθρόοι.
795 2221 842 2278 καὶ

88 2310 104 2367 δ
117 2309 286 2386 Λουκρήτιος
310 2306 343 2372 ὧς
355 2303 452 2374 ήκουοε
464 2313 510 2379 τής
522 2311 653 2383 κραυγῆς,
679 2308 742 2370 τοὺς
755 2305 843 2372 ἱππεῖς

87 2394 297 2470 προαποστείλας
317 2391 564 2467 διερευνησομένους
581 2393 618 2466 μή
639 2413 677 2457 τις
689 2392 842 2466 ἐγκάθηται

86 2479 218 2553 πολεμίων
240 2478 331 2546 λόγος,
359 2472 449 2548 ὀλίγον
463 2473 574 2550 ὕστερον
600 2474 753 2546 ήκσλοίθει,
779 2475 842 2536 τοία

87 2562 281 2638 άκμοιιοτάτους
294 2562 346 2617 τῶν
356 2560 438 2628 πεζῶν
449 2563 619 2638 ἐπαγόμενος.
644 2559 694 2619 καὶ
708 2562 782 2618 κατά
797 2579 846 2613 τοι
