1890 2970
139 109 173 164 26
256 103 414 155 DIONYSII
432 94 773 153 HALICARNASSENSIS

140 231 202 279 „rm
213 210 266 287 γάρ
279 205 329 280 ήδη
342 230 390 284 μοι
415 207 461 265 καί
473 209 541 285 πρὸς
553 202 649 279 ἀρετήν
668 202 714 262 καί
732 208 798 282 πρὸς
811 204 896 267 ειίδοά

138 296 215 362 ,,ξίαν
232 291 413 369 ἀποχρώντως,
433 288 542 348 καλοῦν
561 287 595 345 ἀν
616 287 757 363 ἀξιώσαιμι
770 295 817 361 τῆς
829 293 893 368 παρ’

138 379 231 453 ,ήμῶν
245 374 347 443 εὐνοίας
371 374 508 451 ψευσθείς,
535 368 569 445 ήν
582 371 643 429 ἀντί
656 374 764 430 πάντων
784 375 893 450 είλάμήν

138 462 284 538 ,,άγαθῶν,
311 461 358 537 ζῇν
370 460 481 535 αἰσχρῶς
493 463 521 514 ἐν
531 455 619 521 ἀλλοις
633 457 695 514 τισί.
723 463 893 536 παραλάβετε

139 546 191 617 ,,δή
202 549 248 613 τάς
260 546 388 622 ῥάβδους,
415 544 462 602 καί
475 545 544 612 δάιε,
560 540 583 598 εί
594 540 738 615 βούλεσθε,
765 548 822 611 τοῒς
835 569 892 604 πα.

139 631 280 705 ,,τρικίοις·
305 629 356 702 ίγῶ
369 625 398 686 δ’
412 627 475 702 ὖμλν
488 624 538 684 οὐκ
550 627 679 696 ἐνοχλήσω
692 628 811 703 παρῶν.“

203 711 267 772 XH.
299 715 392 770 Ταῦτα
417 716 538 789 λὲγοντος
563 708 648 769 afim&
674 709 721 766 καί
745 710 891 789 ἀναχωρῶν

141 799 202 855 οίου
215 821 242 857 τε
255 796 331 863 ὄντος
345 795 399 854 ἀπὸ
413 801 461 855 τοῦ
474 798 609 873 βήματος,
637 796 741 870 κραυγή
766 817 795 852 τι
818 803 892 874 παρά

140 884 246 940 πάντων
270 883 382 947 ἐξαίσιος
407 883 518 958 ἐγένετο,
547 879 593 937 καί
618 878 718 949 δεήσεις
734 886 893 955 μεμιγμέναι

142 966 278 1041 δάκρυσιν,
292 966 337 1024 ίνα
349 969 415 1044 μένῃ
427 987 453 1022 τε
465 967 512 1024 καί
526 964 669 1038 διακατέχῃ
689 964 723 1019 τοί
735 966 888 1040 πράγματα,

139 1051 241 1126 μηδένα
257 1050 388 1117 δεδοικώς.
416 1045 496 1108 ἔπειτ’
514 1047 680 1118 ἐγκέλευστοί
699 1069 767 1113 τινες
791 1050 892 1123 διειλη-

140 1138 219 1207 φάτες
232 1138 280 1205 τήν
299 1133 415 1212 ἀγοράν,
441 1135 553 1208 βασιλέα
566 1137 653 1190 ποιεῖν
666 1126 751 1189 αὖτάν
763 1130 891 1205 ἀνεβόων,

140 1220 188 1276 καί
200 1224 341 1297 συγκαλεῖν
354 1221 401 1285 τοίς
412 1220 533 1294 φράτρας
543 1216 645 1290 ἠξίουν,
659 1218 754 1289 ψήφάν
764 1238 793 1273 το
799 1213 894 1293 ᾔτουν.

141 1301 291 1380 ἀρξαμένων
305 1303 333 1360 δι’
345 1302 453 1369 τοίνυν,
469 1298 552 1365 εὔθὺς
564 1300 580 1357 δ
593 1301 676 1374 δήριος
693 1296 766 1365 ἀπας
782 1301 829 1359 ίπλ
845 1309 895 1376 ’τῆς

142 1385 223 1459 αδτής
247 1389 425 1465 προαιρέσεως
448 1385 571 1461 ίγεγιίνει.
603 1387 684 1440 τοῦτο
698 1385 895 1460 καταμαίλῶνοι

145 1473 256 1538 Τύλλιος
269 1467 319 1527 οὐκ
331 1470 369 1526 ἔτι
381 1472 483 1543 παρῆκε
496 1468 544 1524 τάν
561 1470 672 1543 καιρδν,
699 1466 769 1527 ἀλλά
795 1473 895 1537 πολλάς

143 1553 234 1621 αιίιοῒς
258 1552 356 1611 είδίναι
380 1553 468 1625 φήσας
482 1553 602 1625 χάριτας,
624 1548 667 1608 ὅτι
678 1554 830 1628 μέμνηνται
843 1558 894 1613 τῶν

144 1636 304 1716 εὐεργεσιῶν,
325 1636 371 1694 καί
389 1635 428 1692 ίτι
453 1637 563 1693 πλείονα
591 1635 773 1711 ὓποσχάμενος
799 1638 895 1715 ἀγαθά

143 1727 271 1796 ποιήσειν,
284 1722 331 1779 ίάν
344 1717 428 1778 αάτδν
445 1716 603 1786 ἀποδείξωσι
620 1722 741 1794 βασιλία,
768 1728 895 1800 προεῖπεν

143 1804 243 1882 ήμίραν
256 1804 437 1880 ἀρχαιρεσιῶν,
445 1801 480 1867 είς
493 1797 526 1874 ήν
539 1806 655 1863 ἐκίλευσι
668 1807 714 1864 καί
726 1808 789 1870 τοδς
800 1811 830 1863 ἐκ
842 1811 894 1865 τῶν

142 1887 229 1965 ἀγρῶν
239 1884 359 1951 ἅπαντας
377 1891 508 1964 παρεῖναι.
545 1892 724 1955 συνελθόντος
737 1889 766 1946 δι’
779 1893 828 1946 τοῦ
842 1893 893 1962 δή..

140 1993 193 2045 μου
219 1975 305 2029 καλῶν
327 1973 373 2037 τάς
398 1974 526 2049 φράτρας,
548 1970 675 2031 ἀνεδίδου
687 1976 755 2031 καιοί
766 1975 834 2050 μίαν
847 1981 893 2051 τοὶς

142 2058 257 2131 ψήφους.
285 2054 403 2122 ἀποίσεις
416 2057 445 2113 δί
457 2063 515 2124 ταῖς
526 2059 659 2134 φράτραις
670 2058 774 2134 κριθείς
786 2064 831 2132 τῆς
841 2062 894 2133 βα·

141 2143 236 2206 σιλείας
248 2136 330 2216 ἀξιος,
344 2143 429 2199 πολλά
444 2143 547 2219 χαίρειν
565 2142 600 2217 τῇ
623 2143 712 2218 βουλῇ
735 2146 849 2220 φράσας,
876 2141 894 2216 ν’,

141 2223 190 2283 οὐκ
196 2224 302 2297 ἠξίωσεν
312 2228 474 2301 ἐπικυρῶσαι
488 2229 522 2283 τοί
534 2227 583 2283 τοῖν
597 2224 742 2301 δημοτικοῦ
754 2230 886 2299 πλήθους,

141 2306 227 2386 ῶσπερ
240 2305 309 2385 αὗιῇ
321 2313 407 2367 ποιεῖν
414 2299 524 2380 ἔθοςήν,
539 2311 647 2390 κατέσχε
659 2311 707 2381 τήν
721 2309 812 2385 ἀργήν.
830 2316 896 2369 τοῦ·

142 2393 896 2470 τονδέτόνιράπονέπίτήνβασιλείανπαριλθῶν,πολλῶν

141 2481 187 2550 μὲν
201 2479 244 2536 καὶ
258 2476 342 2536 ἀλλων
355 2480 553 2549 πολιτευμάτων
566 2475 700 2550 εἰσηγητής
715 2477 827 2549 ἐγένετο,
841 2485 894 2551 μὲ.

143 2586 192 2629 γαν
211 2565 239 2620 δὲ
258 2561 302 2620 καί
313 2564 397 2636 λόγου
409 2557 483 2628 ἀξιον
496 2562 561 2636 πρὸς
577 2561 731 2635 Τυρρηνοὺς
744 2563 892 2634 ἐπολέμησε
