1890 2970
132 115 185 169 160
252 99 766 156 ΒΙΟΝΥθΙΙΗΑΠΟΑΒΝΑὸθΕΝὸΙΞ

128 214 182 287 νίιχ,
196 211 288 284 Λάρος
301 207 398 282 ὄνομα,
414 209 550 280 Πορσίνας
556 208 699 277 ἐπίκλησιν,
714 210 888 280 καταφυχάν·

129 317 179 352 των
194 289 234 350 ἐπ’
248 288 332 350 αάτέν
346 293 398 347 τῶν
414 290 575 365 Ταρκυνίων,
595 290 776 364 ὑποσχόμενος
790 287 888 358 αὐτοῖς
944 359 945 362 ¹

129 382 206 437 δυοῖν
218 379 343 451 θάτερον,
358 373 375 444 ή
389 374 533 436 διαλλάξειν
546 371 644 438 αὐτοὺς
657 378 721 450 πρὸς
735 375 797 440 τοὺς
810 379 887 432 πολί·

129 487 175 529 τας
186 462 231 519 έπί
240 461 351 534 καθόδῳ
370 457 416 514 καὶ
430 455 562 530 ἀναλήψει
575 462 620 528 τῆς
639 456 728 533 ἀρχῆς,
747 456 763 527 ή
777 461 826 525 τάς
835 457 887 516 οὔ·
944 497 945 504 1

129 552 189 612 σίας
201 545 437 620 ἀνακομισάμενος,
460 535 492 605 ἀς
505 540 694 644 ἀφηρέθησαν,
723 540 884 612 ἀποδώσειν,

129 632 219 698 ἐπειδή
233 629 356 703 πρεσβεις
366 624 523 692 αποστειλας
549 624 585 690 εἷς
610 627 658 694 τήν
680 623 782 698 Ῥώμην
808 631 887 684 ἐν’
849 650 884 702 τη,

130 715 296 791 παρελθόντι
308 710 426 810 ἐνιριυτρῖ,
439 707 725 784 μεμιμμίναςάπειλαῖς
737 713 886 782 ἐπικλήσεις

130 800 298 903 κομίζοντας,
326 815 387 850 ουτε
407 790 598 866 διαλλαγάς“
569 813 664 866 ευρατο
688 798 744 861 τοῖς
768 793 886 871 ἀνδράσι

132 905 177 939 και
167 880 321 946 κάθοδον,
344 875 496 949 αίτιωμένης
513 880 559 946 τῆς
577 880 676 948 βουλῆς
694 881 741 944 τάς
759 876 828 953 ἀράς
840 879 887 936 καὶ

131 967 192 1030 τοὺς
206 963 302 1039 ὅρκους
316 963 376 1026 τούς
394 963 551 1035 γενομένους
563 958 619 1017 κατ’
636 958 737 1030 αὐτῶν,
764 985 827 1020 ουτε
839 967 887 1030 τάς

131 1046 225 1112 οὐσίας
237 1045 402 1122 ἀνεπράξατο
416 1040 522 1113 αὐτοῖς,
551 1047 601 1101 τῶν
620 1045 828 1120 διανειμαμένων
841 1049 888 1105 καί

132 1132 437 1206 κατακληρουχησάντων
455 1125 537 1194 αάτάς
558 1125 608 1185 οῦκ
628 1128 772 1195 ἀξιούντων
787 1130 888 1190 ἀποδι-

133 1219 223 1274 δόναι·
238 1216 397 1289 ὑβρίζεσθαι
416 1214 504 1286 φήσας
528 1213 581 1269 ὑπὸ
592 1210 726 1287 Ῥωμαίων
746 1215 793 1272 καί
815 1217 889 1273 δεινά

133 1305 251 1373 πάσχειν,
272 1295 313 1355 ὅτι
326 1302 377 1356 τῶν
392 1295 551 1371 ἀξιουμένων
567 1294 707 1374 οὐδετέρου
720 1298 784 1374 παρ’
800 1296 889 1358 αάτῶν
931 1348 934 1357 .

133 1387 229 1456 ἔτυχεν,
246 1382 313 1455 ἀνήρ
327 1378 454 1452 αὐθάδης
472 1380 517 1436 καί
532 1381 729 1457 διεφθαρμένος
747 1385 798 1453 τήν
815 1387 889 1458 γνώ-

133 1490 185 1546 μην
198 1469 251 1525 {md
265 1489 291 1522 τε
303 1465 422 1523 πλοάτου
436 1464 481 1519 καὶ
495 1463 575 1540 ἀρχῆς
585 1470 718 1537 μεγέθους
731 1466 777 1523 καί
786 1471 889 1543 χρημά.

135 1576 193 1623 των,
207 1551 333 1627 ἀφορμάς
346 1550 477 1621 ὑπέλαβεν
490 1549 555 1620 ἔχειν
575 1553 658 1617 καλάς
676 1554 826 1610 καταλῦσαι
840 1555 888 1622 τήν

136 1640 264 1711 Ρωμαίων
277 1633 367 1711 ἀρχήν,
381 1633 542 1709 παλαίτερον
565 1633 603 1690 ἔτι
615 1637 695 1691 τοῦτο
706 1637 886 1709 βουλόμενος·

134 1723 181 1780 καὶ
193 1716 422 1797 προεῖπεναδτοίς
435 1720 612 1791 τδνπόλεμον.
627 1717 760 1793 συνήρατο
776 1717 800 1776 δ’
815 1716 888 1794 αάτρί

135 1810 181 1864 τοῦ
195 1807 312 1876 πολέμου
322 1804 413 1858 πάσαν
426 1803 586 1877 προθυμίαν
602 1801 739 1868 ἀποδεῖξαι
751 1806 888 1878 βουλόμε-

136 1911 178 1955 νος
199 1889 215 1944 ὁ
232 1888 382 1961 Ταρκυνίου
399 1887 531 1961 γαμβρὸς,
548 1882 712 1952 Ὀκταοίιῖος
736 1891 887 1962 Μαμίλιος,

133 1977 160 2030 ὲκ
178 1974 275 2034 πόλεως
300 1969 450 2045 ὁρμώμενος
477 1970 631 2040 Τοάσκλου,
650 1975 821 2046 Καμερινοδς
838 1976 890 2047 μέν

135 2058 178 2114 καί
187 2052 370 2127 Ἀντεμνάτας,
398 2053 426 2109 οἳ
438 2056 486 2109 τοῦ
504 2056 628 2110 Λατίνων
647 2059 768 2129 μετεῖχον
785 2058 889 2130 γένους,

133 2139 252 2205 ἅπαντας
276 2141 453 2212 ἐπαγόμενος,
481 2135 664 2208 ἀφεστήκάτας
682 2135 758 2208 ήδηε
755 2141 892 2212 Ρωμαίων

133 2233 161 2284 ἐκ
175 2227 223 2328 τοῦ
236 2244 369 2298 φανερου
389 2244 463 2296 παρα
456 2222 552 2276 “”δε’
518 2243 569 2278 των
581 2219 666 2280 άλλων
679 2223 831 2297 ὁμοεθνῶν,
852 2231 895 2290 οίς

135 2306 184 2366 οὖν
196 2298 230 2378 ήν
241 2310 415 2382 βουλομένοις
432 2308 564 2408 πολεμειν
576 2303 735 2380 ἀναφανδὸν
751 2309 897 2366 ἔνσπονδοι
911 2314 913 2320 ’

135 2417 180 2451 και
170 2395 309 2466 μεγάλην
323 2387 451 2464 έχοάση’
442 2389 518 2458 ιοχδν
531 2411 563 2466 τη
552 2390 659 2460 πόλει,
681 2392 726 2447 διά
741 2396 907 2467 προφάσεις

135 2476 184 2534 οὐκ
203 2476 357 2551 ἀναγκαίας,
377 2474 521 2537 ἐθελοντάς
538 2477 693 2545 συχνοῠς,ι
685 2472 741 2549 ἲδίᾳ
762 2480 895 2540 πεπεικὼς

124 2564 225 2640 χάριτι.
