1890 2970
120 118 171 174 295
240 111 400 166 οιουτετι
416 108 761 183 ποιωππεεοοοτιε

117 223 216 296 κρίνας,
230 220 297 284 τίνες
312 212 375 277 ποτὶ
390 206 469 288 1ἦσαν
483 219 511 276 οί
524 223 569 290 τῆς
584 217 758 283 ἀποστάσεως
783 211 879 292 ἦχιμό·

117 327 164 373 νες,
180 303 214 371 ῶς
225 303 313 378 ἔμαθε
327 303 372 361 καί
385 305 432 359 τόν
443 300 569 409 Ἀλβανόν
597 306 702 361 Μέτιον
726 304 878 374 Φουφέτιον

117 394 145 446 έν
159 393 216 456 τοῖς
228 390 459 464 συνομοσαμένοις
479 388 643 463 ὕποίρχοντα,
659 388 735 454 δόξας
749 380 878 462 συνᾴδειν

116 496 151 531 τυ
144 472 347 550 πραχθέντα*
335 470 380 530 υιέ
395 470 479 529 αδτου
495 477 550 538 τοῖς
561 475 739 547 μηνυομένοις
762 471 860 529 ὖπό
826 494 878 528 των

117 557 298 632 αἰχμαλώτων
311 557 416 632 οίναβιίς
428 557 508 615 λιιι
481 577 526 615 τον
533 560 624 626 ιππον
632 558 745 622 καιτους
753 580 879 615 πιστοτα-

115 656 179 709 τους
191 646 242 700 τῶν
255 643 366 718 ἑταίρων
376 644 551 718 παραλαβὼν,
565 645 632 719 πρὸς
644 641 809 712 τηνπόλιν’
790 664 878 716 αφιπ·

117 728 205 786 πεόει·
220 750 266 785 ναι
256 729 328 804 πρό
339 730 533 800 μέσωννυκτῶν
545 731 574 784 έιι
581 732 632 783 τῶν
643 725 734 783 οιιιιῶν
740 748 802 793 τους
808 730 877 802 βοο-

116 817 209 876 λευτοίς
227 815 399 886 συγκαλέσας,
418 813 467 883 τὴν
480 833 506 869 τι
527 813 677 888 προδοσίαν
697 808 790 876 αιίτοῖς
807 816 864 888 λέχε

117 901 168 954 τῶν
179 894 318 971 Ἀλβανῶν,
339 900 479 974 μάρτυρας
497 899 558 963 τοδς
577 895 759 972 αἰχμαλώτους
784 919 875 973 παρα·

118 986 251 1052 σχόμενος,
267 982 312 1038 καί
327 977 359 1038 όν
371 984 472 1057 τρόπον
484 979 799 1057 αὐτόςκατεστρατήχησι
813 981 875 1047 τούς

117 1089 144 1123 τε
157 1069 300 1140 πολεμίους
314 1066 359 1124 καί
373 1068 436 1132 τοὺς
458 1067 622 1138 Φιδηναίους
636 1068 776 1142 διηγεῖται.
802 1069 875 1132 τέλος

119 1152 147 1207 δέ
159 1154 189 1207 τό
203 1154 346 1226 ιιριίτιστον
371 1150 509 1222 είληφότος
531 1153 581 1209 τοῦ
594 1155 722 1227 πολέμου,
746 1155 780 1210 τοί
793 1154 876 1210 λοιποὶ

118 1231 168 1305 ἤδη
184 1241 293 1293 σκοπεῖν
307 1233 407 1300 αὖτοὺς
419 1236 544 1309 ἦξίου,’
518 1259 578 1293 τινα
588 1259 638 1314 χρη
630 1239 752 1311 τρόπον
764 1239 876 1314 τιμωρή-

118 1328 223 1378 σασθαι
236 1324 285 1393 μέν
298 1323 360 1388 τούς
382 1321 523 1396 προδότας
552 1324 767 1398 σωφρονεστέραν
786 1324 814 1378 δέ
829 1324 877 1424 την

115 1402 247 1479 Ἀλβανῶν
259 1408 336 1462 πόλιν
350 1404 537 1463 ἀποδοῦναι’
515 1427 550 1471 εις
559 1409 590 1464 τό
604 1409 706 1464 λοιπόν.
721 1409 751 1462 τό
764 1408 813 1479 μὲν
828 1393 875 1464 οδε

118 1492 327 1565 τιμωρήσασθαι
342 1491 403 1555 τοὺς
414 1492 656 1566 έπιχειρήοαντας”
643 1512 729 1567 ερχοις
747 1491 875 1559 ανοσίσις,

118 1577 205 1631 πᾶσιν
218 1576 303 1632 έδόκει
318 1575 422 1632 δίκαιόν
438 1597 465 1632 τε
480 1577 526 1633 καί
540 1570 728 1653 ῶνυχκαίον
703 1596 787 1633 ειναι·
802 1598 834 1632 ον
847 1579 876 1634 δέ

116 1663 218 1736 τρόπον
230 1656 327 1735 γίνοιτ’
342 1658 376 1716 δν
389 1660 477 1736 ῥᾷστα
492 1661 537 1717 καί
558 1661 756 1735 ἀσφαλέστατα,
776 1665 877 1734 πολλῶν

118 1743 209 1810 αὐτοῖς
221 1750 345 1820 παρεῖχεν
359 1742 485 1820 ἀπορίαν.
511 1744 598 1820 οἶδήλιρ
607 1749 657 1821 μέν
670 1748 724 1822 χοίρ
744 1744 790 1802 καλ
802 1751 877 1816 λελη-

116 1831 182 1885 θότι
207 1831 281 1902 μόρῳ
294 1830 408 1892 πολλοὺς
423 1829 469 1885 καί
483 1828 608 1904 οἷχαθοὺς
617 1828 747 1904 Ἀλβανῶν
772 1826 873 1908 ἄνδρας

117 1913 348 1988 διαχειρίσασθαι,
364 1916 416 1970 τῶν
429 1913 570 1973 ιίδυνσὶτων
583 1913 675 1980 αὐτοῖς
693 1916 817 1988 ἐφαίνετο
831 1911 870 1971 εί-

117 2017 176 2053 ναι·
202 1996 225 2053 εί
239 1997 267 2052 δέ
280 2001 399 2072 φανερῶς
419 2002 614 2076 συλλαμβάνειν
630 2001 675 2057 καλ
694 2005 872 2075 τιμωρεῖσθαι

115 2083 177 2148 τοὺς
189 2084 297 2152 ένόχους
310 2087 368 2147 ταῖς
389 2080 486 2150 αίτίαις
499 2088 690 2161 έπιχειρηοαιεν
697 2127 705 2153 ,
733 2081 766 2142 οὗ
778 2089 870 2161 περιό-

116 2171 222 2239 ψεσθαι
247 2168 308 2230 τούς
330 2163 473 2240 Ἀλβανοὺς
486 2170 683 2245 ὑπελάμβανον,
712 2165 770 2226 ἄλλ’
782 2171 827 2237 έπλ,
840 2172 874 2227 ταΙ

115 2248 186 2310 ὅπλα
197 2252 334 2326 χωρήσειν.
348 2249 405 2327 ῶμα
419 2253 448 2310 δὲ
468 2259 591 2331 πολεμεῖν
615 2255 770 2325 Φιδηναίοις
789 2276 815 2312 τε
829 2254 875 2312 καί

118 2339 267 2413 Τυρρηνοῖς
280 2337 326 2393 καί
338 2343 392 2403 τοῖς
411 2338 455 2395 έπί
468 2343 515 2409 τὴν
533 2341 687 2413 συμμαχίαν
711 2342 787 2411 σφῶν
799 2361 874 2399 σννε·

113 2423 264 2522 ληλυβόοιν
289 2416 420 2497 Ἀλβανῶν
445 2419 495 2478 οὖν
514 2424 667 2498 ἐβούλοντο
681 2422 874 2530 οίπορουμένων

115 2500 186 2558 δ’
151 2510 245 2573 αοτῶν,
255 2510 404 2572 τελιυταίος
417 2504 609 2569 ἀποδείκνυται
618 2510 725 2614 χνόμηη
738 2531 753 2565 ⁰
744 2509 872 2576 ξιΤδδλθς

113 2610 146 2659 ην
160 2586 274 2656 ἅπαντες
285 2586 456 2661 λπῆνεσοιν,’
443 2594 511 2670 νπίρ
519 2616 550 2665 ης
561 2597 629 2667 μετιί
641 2596 738 2671 μικρόν
752 2596 809 2670 ἐρῶ.
