1890 2970
138 122 188 176 162
255 116 416 170 DIONYSII
434 112 777 170 HALICARNASSENSIS

135 223 225 296 λαβὼν
237 217 313 291 εἶναι,
329 221 375 280 καῖ
389 219 438 295 ούχ
450 220 493 281 ὅτι
507 227 577 282 θεῶν
591 214 648 280 άλλ’
669 220 736 281 ου’δί
747 221 903 301 άνθράπων
938 262 943 281 ε

136 306 250 384 άμαθῶν
264 307 361 376 άξίους,
379 307 500 374 ἅπαντας
520 312 635 384 ἐξέβαλε,
656 311 701 366 καῖ
719 308 902 384 παρεσκεύασε

135 395 198 460 τούς
211 392 374 468 ἀνθρώπους
388 397 517 470 κράτιστα
527 395 586 470 περὶ
600 397 671 451 θεῶν
691 397 774 469 λέγειν
802 417 828 451 τε
855 395 901 451 καί

135 483 251 553 φρονεῖν,
267 480 351 551 μηδὲν
365 477 456 544 αύτοῖς
477 483 682 557 προσάπτοντας
706 477 814 546 άνάξιον
839 485 901 536 ἐπι--

136 565 254 635 τήδευμα
268 568 313 634 τής
325 568 460 640 μακαρίας
474 566 585 638 φύσεως.

174 730 326 792 ΧΙΧ.ούτε
332 737 384 810 γάρ
395 732 515 809 Ούρανύς
523 736 709 807 ἐκτεμνόμενος
720 735 770 791 ύπδ
778 737 898 792 τῶνὲαυ-

134 822 181 874 τοῦ
191 821 294 877 παίδων
301 824 375 895 παρά
381 817 521 893 Ῥωμαίοις
528 823 639 893 λέγεται·
647 815 708 876 σύτε
715 823 820 893 Κρόνος
827 817 900 893 άφα·

133 906 209 971 νίζων
223 908 270 968 τάς
283 907 382 962 ἑαυτοῦ
396 911 484 979 γονάς,
501 906 578 978 φόβῳ
592 911 636 976 τής
653 909 680 968 ἐξ
696 902 784 961 αύιοῖν
805 907 900 962 ἐπιθέ-

134 1011 206 1055 σεως.
233 984 296 1047 ούτε
309 992 373 1055 Ζεύς
387 992 526 1047 καταλύων
540 993 587 1060 τήν
601 994 712 1066 Κρόνου
732 991 898 1058 δυναστείαν,

134 1074 179 1128 καῖ
192 1075 354 1130 κατακλείων
368 1081 395 1131 ἐν
408 1076 443 1149 τῷ
457 1076 624 1151 δεσμωτηρίῳ
631 1078 679 1133 τού
695 1077 839 1151 Ταρτάρου
852 1079 900 1131 τάν

133 1161 232 1216 ἑαυτοῦ
253 1162 367 1235 πατέρα·
393 1157 458 1217 οὐδὲ
479 1183 510 1235 με
528 1162 647 1232 πόλεμοι,
674 1161 719 1217 καὶ
747 1161 898 1235 τραύματα,

133 1244 178 1300 καί
205 1243 304 1317 δεσμοί,
333 1243 379 1300 καῖ
404 1249 515 1317 θητεῖαι
539 1248 613 1302 θεῶν
638 1241 701 1320 παρ’
729 1243 888 1321 ἀνθρώποις

133 1330 210 1404 ἑορτή
234 1352 261 1385 τε
280 1326 343 1406 παρ’
362 1325 456 1395 αύτοῖς
469 1327 582 1403 οὐδεμία
594 1332 756 1404 μελανείμων
769 1329 785 1400 ἢ
800 1335 899 1390 πένθι-

131 1436 181 1486 μος
194 1410 296 1489 άμεται,
310 1417 439 1479 κοπετούς
452 1415 550 1483 ἔχουσα
564 1416 610 1471 καί
628 1418 748 1493 θρήνους
765 1419 901 1492 γυναικοῖν

133 1500 177 1555 ἐπί
190 1505 265 1566 θεοῖς
279 1499 493 1573 άφαυιζομὲνοις,
509 1497 730 1576 άσπερἚλλησιν
743 1505 900 1558 ἐπιτελεῖται

133 1586 194 1660 περί
211 1607 238 1640 τε
262 1587 437 1659 Περσεφόνης
463 1584 598 1661 ἁρπαγήν,
633 1588 679 1643 καί
704 1591 737 1643 τά
761 1585 899 1644 Διονύσου

132 1672 220 1740 πάθη,
236 1671 282 1725 καί
296 1667 350 1728 ὅσα
366 1666 433 1726 άλλα
446 1674 575 1727 τοιαῦτα·
593 1667 652 1728 οὔδ’
668 1667 701 1727 άν
715 1672 770 1727 ῖδοι
783 1694 822 1736 τις
834 1667 898 1746 παρ’

132 1753 232 1822 αὐτοῖς,
247 1757 336 1811 καίτοι
351 1755 555 1834 διεφθαρμένων
569 1760 620 1812 τῶν
634 1759 705 1814 ἐθῶν
718 1753 779 1828 ήδη,
794 1754 827 1814 ού
836 1761 899 1813 θεο-

132 1842 266 1916 φορήσεις,
294 1836 326 1895 ού
340 1843 600 1916 κορυβαντιασμούς,
623 1839 673 1898 οὐκ
699 1840 840 1916 άμερμούς,
866 1838 899 1897 οδ

130 1927 255 1998 βακχείας
269 1925 313 1980 καὶ
328 1928 430 1990 τελετάς
443 1925 620 2002 ἀπορρήτους,
643 1923 677 1982 σύ
698 1927 898 1997 διαπαννυχισ-

131 2011 215 2084 σμούς
228 2014 256 2065 ἐν
268 2009 346 2087 ἱεροῖς
361 2008 464 2088 άνδρῶν
479 2013 528 2068 σύν
539 2012 669 2086 γυναιξὶν,
697 2007 745 2067 ούκ
763 2007 826 2067 άλλο
845 2013 898 2066 τῶν

130 2097 324 2168 παραπλησίων
338 2096 442 2164 τούτοις
455 2100 653 2172 τερατευμάτων
667 2091 755 2164 ούδὲν,
777 2091 833 2153 ἄλλ’
854 2092 896 2151 εύ·

131 2183 218 2254 λαβαῖς
228 2175 337 2236 άπαντα
352 2184 520 2254 πραττόμενά
534 2205 561 2237 τε
575 2182 620 2237 καί
639 2184 763 2255 λεγόμενα
782 2184 816 2236 τά
835 2180 907 2257 περὶ·

131 2267 192 2332 τούς
205 2265 294 2332 θεούς,
310 2264 343 2330 ὥς
354 2261 416 2320 ούτε
431 2262 494 2341 παρ’
504 2262 628 2337 Ἕλλησιν
642 2263 703 2323 ούτε
727 2269 801 2340 παρά
826 2267 895 2341 βαρ-

130 2350 241 2427 βάροις·
267 2345 343 2407 καδύ
363 2353 468 2406 πάντων
488 2353 604 2421 μάλιστα
630 2351 708 2426 ῖγωμε
723 2350 894 2426 τεθαύμακα,

131 2438 224 2512 καίπερ
237 2437 340 2510 μυρίων
355 2431 425 2493 ὅσων
438 2438 610 2503 εῖςτήνπάλιν
618 2438 788 2507 ἐληλυθότων
794 2439 891 2503 ἐθνῶν,

127 2513 170 2584 οίς
181 2524 268 2590 πολλή
281 2517 382 2595 άνάμκη
397 2523 483 2592 σε’βειν
497 2521 560 2586 τούς
578 2522 707 2598 πατρίους
730 2522 814 2587 θεούς
836 2525 892 2580 τοῖς

108 2603 230 2658 οἴκοθεν
241 2606 378 2681 νομζιιοις,
396 2604 511 2678 οάδενύς
525 2605 561 2680 εἷς
576 2612 655 2685 ζήλου
670 2607 784 2680 ἐλήλυθε
794 2608 846 2663 τῖεν
855 2610 895 2670 3.ss-
