1890 2970
175 109 449 178 ANTIQVITATVM
468 112 601 164 ROMAN.
622 111 684 164 LIB.
704 117 734 165 V·
788 121 838 175 133

85 213 160 293 ἱερῶν
171 217 297 289 βασιλεῦς
309 219 417 278 Μάνιος
430 218 573 291 Παπίριος,
587 223 615 276 ἐκ
629 220 681 274 τοῖν
693 222 838 293 πατρικίων

85 298 151 373 άνηρ
165 295 275 371 ἡσυχίας
288 302 372 373 φίλος.

148 381 182 440 ll.
200 381 248 449 ’.Ως
260 385 289 441 δὲ
302 385 498 453 κατεστήσαντο
509 384 608 451 ταῖτα,
636 386 779 451 δείσαντες,
806 385 838 450 ὧς

87 467 148 539 ἐμοὶ
162 469 242 536 δοκεῖ,
255 455 291 542 μη
307 467 370 532 δόξα
383 472 438 532 τοῖς
451 470 556 534 πολλοῖς
570 471 707 542 ἐγγένηται
720 468 780 544 περί
794 474 839 537 τῆς

82 555 180 622 ,καινῆς
193 554 322 617 πολιτείας
335 548 385 609 οτῖκ
399 549 512 623 άληθὴς,
533 549 575 609 ότι
588 552 638 609 δόυ
655 555 776 627 βασιλεῖς
794 552 839 608 κό-

85 655 143 709 ριοι
155 637 281 709 γεγόνασι
294 639 339 706 τῆς
351 638 447 700 πόλεως
472 632 536 692 ἄνθ’
552 639 617 705 ἑνός,
645 639 840 710 ἑκατέρουῖτῶν

87 718 197 776 ὕπάτονν
209 721 271 786 τοὺς
284 721 385 776 δώδεκα
400 722 511 784 πελέκεις
530 719 634 790 ἔχοντος
638 763 646 788 ,
668 716 755 796 ὥσπερ
767 716 837 790 εἶχον

86 801 116 858 οἱ
128 805 254 874 βασιλεῖς,
269 803 372 879 ῖκριναν
386 807 416 860 τό
435 826 463 861 τε
482 804 538 870 δέος
556 803 706 875 ἀφελέσθαι
719 806 769 859 τῶν
782 824 836 859 πο-

84 889 170 954 λιτῶν,
198 888 244 945 καί
266 892 311 956 τῆς
323 889 441 953 ἐξουσίας
465 889 575 960 μειῶσαι
599 891 645 944 τόν
658 890 775 960 φθόνον,
789 889 837 943 τοῦ

85 972 134 1042 μὲν
146 973 237 1046 ἑτέρου
250 974 301 1027 τῶν
315 971 422 1028 ῧπάτονν
442 972 503 1036 τούς
524 971 624 1030 δώδεκα
645 973 835 1037 κατατάξαντες

85 1050 213 1126 ἡγεῖσθαι
227 1057 346 1124 πελέκεις,
359 1059 408 1113 τοῦ
422 1052 450 1111 δ’
472 1057 569 1129 λτὲρου,
588 1055 687 1113 δώδεκα
708 1053 837 1131 ὑπηρέτας

85 1139 204 1214 ῥάβδους
217 1139 324 1209 ἔχοντας
335 1141 434 1213 μόνον·
459 1137 492 1203 οῖς
507 1139 535 1195 δέ
546 1161 613 1206 τινες
631 1140 777 1217 ἱστοροῦσι,
792 1139 836 1195 καί

84 1223 216 1298 κορώνας·
229 1225 357 1296 γίνεσθαι
376 1223 405 1279 δέ
416 1225 465 1278 τῶν
479 1226 605 1280 πελέκεων
617 1227 665 1294 την
677 1226 835 1299 παράληψιν

82 1311 111 1362 ἐκ
126 1309 292 1380 περιτροπῆς,
307 1304 352 1363 ἕνα
364 1309 436 1379 μῆνα
452 1308 606 1375 κατέχοντος
620 1304 717 1373 αότοός
729 1311 835 1382 παραλ-

83 1393 132 1453 λάξ
145 1392 279 1463 ἑκατέρου.
306 1391 385 1446 τοῦτο
400 1391 432 1460 δη
460 1393 489 1447 τό
502 1392 650 1466 πολίτευμα
669 1393 835 1459 καταστησά·

83 1494 171 1547 μενοι,
199 1477 344 1548 πρόθυμον
362 1477 491 1546 έποίηοαν
510 1477 546 1540 τίς
563 1478 611 1546 την
629 1476 760 1550 διαμονήν
786 1476 833 1528 τῶν

84 1559 249 1632 πραγμάτων
285 1562 331 1614 τόν
366 1560 484 1633 δημότην
514 1558 561 1616 καῖ
592 1562 717 1615 ταπεινόν
748 1557 832 1627 όχλον,

83 1641 129 1698 καί
160 1640 227 1697 άλλα
251 1643 356 1707 τούτοις
386 1642 560 1718 παραπλήσια
589 1638 639 1698 οὐκ
665 1640 752 1715 όλλμοι.
790 1642 834 1696 καί

82 1729 136 1801 γάρ
149 1725 212 1789 τούς
237 1728 335 1800 νόμους
359 1728 421 1794 τοὺς
433 1725 494 1803 περὶ
518 1730 570 1782 ταῖν
590 1727 760 1799 συμβολαίων
773 1727 834 1788 τοῖς

84 1810 138 1866 ὕπὸ
156 1811 268 1866 Τυλλίου
280 1811 438 1885 γραφέντας,
457 1811 667 1886 φιλανθρώπους
687 1810 733 1866 καί
752 1810 836 1883 δημοέ

85 1895 176 1957 τικοδς
188 1889 255 1951 εἶναι
269 1895 421 1964 δοκοῦντας,
437 1889 485 1958 οὓς
496 1891 750 1959 άπανταςκατέλυυε
763 1905 834 1969 Ταρ-

83 1979 183 2044 κόνιος,
198 1976 391 2036 ἀνενεώσαντο·
418 1978 464 2035 καῖ
476 1981 523 2043 τάς
542 1980 643 2045 θυσίας
668 1982 714 2045 τάς
725 2000 753 2037 τε
765 1980 834 2034 κατά

82 2066 131 2130 τόν
144 2063 221 2116 πόλιν
234 2061 279 2117 καῖ
291 2067 338 2128 τάς
348 2063 392 2120 έπῖ
405 2065 456 2120 τῶν
469 2061 566 2138 οῖμρόίν,
583 2058 760 2126 άςέποιοῖιντο
774 2084 836 2118 uosw

83 2147 116 2221 νῇ
129 2147 263 2209 συνιόντες
276 2145 302 2202 οἱ
317 2146 429 2217 δημόται
436 2147 480 2204 καί
495 2145 646 2220 οίφυλέται,
662 2150 740 2203 πάλιν
753 2166 835 2220 προσ·

83 2234 176 2295 ε’ταξυν
189 2233 379 2296 ἐπιτελεῖσθαι,
393 2231 427 2295 ὦς
439 2229 483 2288 ίπῖ
499 2231 615 2287 Τυλλίου
630 2231 834 2287 συνετελοῦντο·

82 2317 223 2385 ἐκκλησίαν
237 2334 263 2368 τε
277 2314 322 2369 καί
341 2311 432 2379 αὐτοῖς
451 2313 589 2372 άπέδοσαν
608 2313 675 2387 ὑπὲρ
693 2317 744 2369 τῶν
761 2314 834 2386 μεγί-

83 2419 160 2464 στων,
175 2397 219 2454 καῖ
232 2400 326 2472 φῆφον
341 2401 482 2471 ἐπιφέρειν,
497 2394 631 2456 καῖτάλλα
645 2400 769 2472 πράττειν
782 2393 834 2454 όοα

83 2485 151 2538 κατά
163 2484 224 2546 τοῖς
250 2485 395 2558 προτέρους
416 2478 698 2557 ἓθισμοόςῖῖτραττον.
718 2484 774 2545 τοῖς
786 2483 834 2554 μὲν

84 2555 133 2621 οἶν
145 2571 252 2631 πολλοῖς
263 2563 331 2624 ’καθ’
341 2563 440 2638 ἡδονήν
453 2571 486 2625 τά
501 2562 678 2644 ηινόμενοὶιά
698 2563 787 2624 αῖοτῖαυ
799 2555 850 2627 λεν,
