1890 2970
139 96 193 153 238
251 90 414 143 DIONYSII
432 87 779 143 HALICARNASSENSIS

137 200 191 274 γόρ
205 192 249 255 δτι
262 200 315 255 τιῖν
328 198 502 273 συμβολαίων
515 199 548 253 τό
560 197 610 270 μὲν
621 200 650 253 ἐν
662 194 772 271 φανερῷ
783 198 832 253 καλ
838 196 902 265 μετ-ό

136 279 902 360 μαρτόρωνπραττόμεναῆτῶνσυνόντωνοίδωςφυλατττι,

138 367 304 426 καῖσπόνιοί
316 370 384 435 τινές
396 367 464 425 εἰσιν
477 367 505 424 οῖ
513 368 574 443 περί
586 370 671 424 ταῦτα
685 364 844 432 ἀδικοῦντες
872 367 902 422 τό

139 454 168 510 δὲ
181 451 335 530 σῖμόρτυρα,
346 457 437 528 πολλῷ
451 456 596 510 πλείωτῶν
613 455 708 529 ἑτέρων
726 450 811 520 ὄντα,
836 453 901 527 μίαν

138 537 190 609 ἔχει
203 542 327 611 φυλακὴν
340 541 388 608 την
406 542 459 595 τῶν
477 540 686 614 συμβαλλόντων
712 537 812 605 πίστιν,
841 537 901 613 περί

137 623 240 694 ταυτην
253 619 317 697 ᾤετο
333 624 387 680 δεῖν
399 623 557 681 σπουδάσαι
571 625 671 689 παντός
682 617 899 696 ἅλλουμόλιστα,

138 709 184 766 καί
196 712 312 779 ποιῆσαι
324 708 409 765 θείων
421 710 565 784 σεβασμῶν
578 708 665 774 οἷξίαν.
684 708 772 777 Δίκην
784 708 835 782 μέν
846 710 902 782 γάρ

137 795 185 851 καὶ
212 795 294 867 θέμιν
319 795 366 850 καί
394 797 511 866 Νέμεσιν
531 793 577 850 καί
595 793 823 865 τόςκαλσυμένας
836 788 899 868 παρ’

133 874 278 949 'linquar'
278 879 417 954 Εριννὺας,
432 878 479 936 καί
492 875 761 953 όσατοότοιςδμοια,
776 876 832 935 υπδ
848 880 900 934 τῶν
939 902 941 925 ¹

137 961 300 1038 πρότερον’
282 967 457 1040 αποχρόιντως
470 965 669 1022 ἐκτεθειῶσθαί
686 985 713 1018 τε
733 961 780 1019 καῖ
805 966 900 1019 καθω-

136 1051 257 1106 σιῶσθαι
270 1051 391 1123 ἐνόμισε·
428 1052 519 1107 πίστιν
545 1051 587 1117 δι’,
614 1036 644 1115 ἧς
657 1044 822 1121 οότιμεῖζον
837 1044 900 1105 οὔτε

135 1132 274 1210 ἱερώτερον
286 1138 379 1199 πόθος
392 1132 550 1213 ἀνθρώποις
562 1130 650 1202 οὐδὲν,
664 1129 740 1189 οόπω
754 1134 899 1207 σεβασμῶν

135 1222 281 1293 τυγχάνειν,
296 1215 353 1275 οὔτ’
367 1242 395 1275 εν
409 1224 466 1284 τοῖς
478 1224 579 1286 κοινοῖς
591 1223 643 1276 τῶν
657 1210 758 1276 πόλεων
771 1219 900 1297 πρόγμα·

135 1325 187 1369 σιν,
202 1300 261 1360 σοι’
275 1308 303 1360 ἐν
317 1326 373 1368 τοις
386 1303 472 1371 ιδιστς
499 1308 586 1362 ταῦτα
600 1305 629 1361 δε
642 1304 808 1375 διανοηθεις
825 1310 899 1382 πρῶ-

134 1410 179 1453 τος
191 1386 370 1464 οἷνθρώπων’
361 1392 432 1466 ιερόν
451 1388 582 1465 ῖδρόσατο
609 1389 730 1455 Πίστεως
757 1390 899 1463 δημοσίας,

133 1495 179 1530 και
169 1472 294 1539 θυσίας
309 1470 382 1550 αυτῇ
395 1477 585 1545 κατεστήσατο,
613 1476 740 1553 καθάπερ
767 1498 814 1532 και
840 1480 898 1543 τοῖς

134 1553 224 1625 ἄλλοις
235 1563 320 1627 θεοῖς,
335 1559 494 1662 δημοτελεῖς.
522 1560 608 1635 ἔμελλε
623 1556 689 1617 δι”
670 1583 724 1635 αρα
745 1581 796 1618 συν
803 1563 897 1636 χρόνω

133 1645 262 1700 τὸκοινόν
271 1649 316 1716 τῆς
330 1649 428 1710 πόλεως
442 1633 513 1714 ηθος
525 1649 623 1702 πιστόν
636 1667 683 1702 και
673 1646 813 1718 βέβαιον
826 1648 896 1721 πρός

134 1726 300 1832 ἀνθρώπους
316 1732 459 1805 γενόμενον
477 1727 618 1796 τοιούτους
630 1728 836 1834 ἀπεργάσεσθαι
848 1729 897 1788 καί

133 1815 196 1878 τούς
221 1817 273 1870 τῶν
291 1813 402 1873 ίδιωτιῖιν
400 1818 542 1921 τρόπους.
569 1811 640 1872 οὕτω
652 1836 682 1891 γε
696 1804 746 1871 οίιν
759 1816 895 1889 σεβαστόν

134 1920 159 1953 τι
182 1899 292 2000 πρρῖγμα
318 1899 366 1956 καὶ
392 1899 525 1972 ιίμίαντον
550 1903 705 1974 νενόμισται
731 1900 761 1955 τό
785 1903 892 1968 πιστόν,

133 1978 199 2039 ὥστε
213 1978 294 2059 ὅρκον
307 2006 335 2040 τι
347 1988 474 2061 μέγιστον
486 1988 677 2062 γενέσθαι-την
697 1983 771 2041 ἰδίαν
789 1986 894 2059 ῖκοίστῳ

133 2069 233 2134 πίστιν,
248 2067 293 2125 καί
305 2072 457 2148 μαρτυρίας
469 2072 612 2145 συμπότης
624 2068 809 2146 ῖσγυρότερον·
845 2069 893 2125 καὶ

133 2151 214 2208 ὁπότε
241 2151 306 2228 ὑπὲρ
325 2153 485 2231 όμαρτίιρου
505 2156 724 2229 συναλλάγματος
736 2152 893 2230 οῖμφίλογόν

132 2260 158 2293 τι
170 2241 275 2312 γίνοιτο
287 2240 325 2297 ἑνί
337 2243 405 2315 πρός
419 2239 473 2308 ἕνα,
488 2237 504 2311 ἦ
517 2242 661 2315 διαιροῦσα
681 2244 712 2297 τό
732 2243 819 2306 νεῖκος
844 2238 893 2295 καί

132 2327 291 2400 προσωτέρω
300 2329 395 2400 χωρεῖν
409 2321 459 2381 οὐκ
470 2328 540 2381 ίῶσα
555 2329 602 2392 τοῖς
613 2326 783 2398 φιλονεικίας,
804 2321 822 2396 ἦ
836 2328 894 2381 θα-

130 2412 194 2483 τὲρα
217 2411 269 2465 τῶν
297 2409 524 2482 διαδικαζομένων
543 2407 631 2468 αὐτῶν
642 2410 731 2477 πίστις
744 2400 791 2479 ἦν·
818 2408 893 2466 αἵτε

131 2489 212 2568 οῖρχαί
227 2493 273 2549 καί
288 2497 322 2549 τό
336 2494 495 2568 δικαστήρια
509 2498 542 2551 τοί
555 2499 666 2552 πλεῖστα
679 2497 731 2551 τῶν
743 2492 891 2568 οῖμφισβη-

126 2579 252 2653 τηιότων
264 2581 323 2646 τοῖς
334 2582 364 2639 ἐκ
377 2583 422 2655 τῆς
435 2581 546 2649 πίστεως
559 2576 648 2659 ὅρκοις
663 2581 767 2658 διῄτων.
803 2581 892 2637 ταῦτα
