1890 2970
189 127 462 196 ANTIQVITATVM
480 127 615 180 ιιουωα.
633 128 700 179 ωε.
711 128 754 180 τι
793 137 842 189 311

92 233 489 334 προαιρούμενοισυνέῤῥεον
471 256 504 298 ως
521 229 627 299 αύτούς,
649 231 714 290 άλλοί
734 234 779 289 καί
793 238 843 289 τῶν

94 314 179 374 ι’ίλλων
205 306 530 422 όυοιςόγίίσςρνάργός,
555 314 771 419 ἦρ’άθυμσς,
754 322 843 387 ηταῖς

91 403 249 476 ἐπιθυμίαις
259 405 387 476 χορηγεῖν
397 397 446 471 οὐχ
458 401 561 466 ἱκανὸς,
584 400 601 469 ἢ
615 403 736 475 πονηρῶν
755 404 840 470 ἐπιτη

92 485 229 558 δευμάτων
244 486 367 553 ζηλωτής,
395 482 559 561 ἢφθονερδς
576 488 635 548 ταῖς
657 480 791 561 ἐτέρπετ’
762 505 839 539 ευτυ·
912 475 914 482 ’

91 567 191 641 γίαις,ι’γ“
205 564 238 623 δι’
253 564 333 637 άλλην
345 569 403 623 τινά
415 570 558 643 συμφοράν
572 565 687 637 ἢαίτίαν
701 566 843 643 άλλοτρίως

93 653 252 725 διακείμενος
264 652 297 726 τῇ
310 653 470 726 καθεστώσῃ
483 653 613 726 πολιτείᾳ.

155 734 273 793 XLVII.
300 740 362 799 Τοῖς
381 736 409 790 δι’
421 737 572 810 πατρικίοις
584 739 612 792 ἐν
623 736 671 809 μὲν
683 736 719 810 τῷ
731 736 845 806 παρόντι

92 820 192 956 ταραγό
207 820 309 874 ἐνέπεσε
325 820 407 888 πολλὴ
422 819 467 875 καί
481 820 614 890 ἔκπληξις,
641 819 687 875 καί
699 817 733 884 ὥς
747 815 842 874 αὐτίκα

93 903 125 971 δή
139 904 210 974 μάλα
223 904 275 959 τῶν
287 899 447 960 ἀποστατῶν
465 899 523 976 ἅμα
541 907 598 969 τοῖς
616 901 775 962 ἀλλοεθνέσι
788 924 840 958 πο-

90 988 189 1058 λεμίαις
214 986 256 1042 ἐπὶ
274 988 413 1058 τήνπάλιν
437 983 552 1057 ἡξόντων
578 986 680 1051 δέος.’
671 985 844 1048 επειταῶςέξ

88 1071 145 1134 ἑνὸς
159 1067 418 1172 παρμκελεύματοςε
403 1073 570 1147 αρπάσαντες
583 1091 615 1126 τα
608 1066 708 1136 ὅπλα,
725 1070 774 1125 σύν
787 1073 842 1131 τοῖς

89 1151 222 1218 οικείοις”
208 1173 314 1209 εκαστοι
326 1155 459 1220 πελάταις,
486 1176 512 1209 οι
502 1152 571 1228 μέν
585 1154 629 1209 ἐπί
640 1155 687 1218 τιίς
701 1152 788 1226 δδούς,
811 1148 842 1215 άς

88 1233 156 1304 ἥξειν
169 1237 286 1308 ἐνόμιζον
298 1237 360 1301 τούς
372 1236 522 1308 πολεμίους,
549 1238 757 1312 παρεβοήθουν·
771 1235 797 1290 οί
811 1236 826 1289 δ
831 1231 839 1253 ²

89 1319 133 1375 ἐπὶ
145 1320 179 1373 τά
191 1317 316 1394 φρούρια,
331 1322 451 1390 φυλακῆς
464 1319 538 1376 ἕνεκα
551 1323 601 1377 τῶν
614 1322 756 1395 ἐρυμάτων,
771 1317 838 1392 ἐξῄε-

88 1422 154 1458 σαν·
180 1397 251 1458 οἶδ
264 1405 292 1458 ἐν
305 1423 361 1468 τοις
373 1405 554 1478 προκειμενοις
566 1426 612 1474 της
627 1405 726 1466 πόλεως
739 1402 838 1465 πεδιοις

87 1485 359 1588 ἐστρατοπεδεύοντο·
394 1481 455 1543 ὅσοι
478 1486 506 1543 δέ
532 1487 578 1542 διά
602 1489 685 1561 γῆρας
710 1483 839 1541 άδύνατοι

88 1570 187 1624 τούτων
199 1590 225 1624 τι
240 1558 346 1644 δρᾷν
331 1590 416 1638 ηοαν,
442 1570 486 1626 ἐπὶ
505 1574 560 1634 τοῖς
582 1571 692 1640 τείχεσιν
705 1571 837 1629 ἐτάξαντο.

87 1657 142 1706 ἐπει
133 1650 185 1707 δὲ
201 1653 264 1717 τούς
276 1650 430 1717 ἀποστάτας
442 1655 596 1725 κατέμαθον
614 1649 676 1708 ούτε
688 1652 743 1715 τοίς
756 1654 837 1707 πολε-

86 1736 158 1808 μίοις
175 1738 408 1811 προστιθεμένους,
437 1756 498 1791 ουτε
510 1757 558 1803 την
581 1735 671 1810 χώραν
697 1734 835 1810 δῃοῦντας,

86 1813 143 1874 οὔτ’
168 1814 232 1875 άλλο
244 1821 411 1892 βλάπτοντας
429 1815 507 1875 οὐδὲν
523 1815 540 1877 ὅ
559 1840 585 1875 τι
598 1819 644 1875 καλ
656 1821 739 1892 λόγου
752 1816 834 1885 άξιον,

86 1904 133 1957 τού
149 1901 224 1968 δέους
235 1903 401 1958 ἐπαύσαντο·
420 1901 465 1959 καί
476 1904 654 1976 μεταθέμενοι
667 1905 714 1969 τιίς
724 1903 835 1977 γνώμας,

85 1980 126 2054 ἐφ’
138 1979 178 2048 οἷς
191 1985 414 2058 διαλλαγήσονται
432 1987 498 2062 πρός
510 1981 609 2051 αύτούς
620 1989 766 2043 ἐσκόπουν·
789 1987 835 2041 καί

85 2070 230 2137 ἐλέχθησαν
255 2068 309 2124 ύπό
322 2071 373 2126 τῶν
384 2065 538 2144 ἡγουμένων
547 2071 596 2125 τού
609 2070 748 2145 συνεδρίου
760 2071 835 2142 λόγοι

86 2151 264 2216 παντοδαποί,
292 2150 338 2206 καί
358 2157 483 2208 πλεῖστον
495 2151 613 2222 άλλιίλων
632 2153 765 2226 διάφοροι,
784 2174 834 2224 με-

84 2234 223 2304 τριώτατοι
242 2233 289 2288 καί
312 2236 524 2308 πρεπωδίστατοι
545 2240 603 2301 ταῖς
619 2235 771 2310 παρούσαις
784 2235 833 2288 τύ-

82 2338 145 2384 χαις,
158 2312 204 2382 ούς
216 2317 243 2372 οἳ
255 2317 433 2391 πρεσβύτατοι
446 2315 533 2374 αύτῶν
545 2318 639 2384 ἔλεξαν,
666 2317 833 2382 διδάσκοντες

83 2399 116 2462 ὡς
130 2397 242 2474 οὐδεμία
267 2401 348 2474 κακίᾳ
370 2405 514 2470 πεποίηται
536 2403 585 2470 τήν
609 2399 758 2458 άπόοτοισιν
783 2392 831 2456 ἄπ’

82 2479 169 2539 αὐτῶν
194 2483 209 2538 ύ
234 2483 329 2551 δῆμος,
356 2482 422 2540 ἄλλά
444 2487 478 2540 τοί
490 2485 538 2555 μέν
551 2483 604 2540 ύπδ
616 2486 667 2540 τῶν
679 2481 831 2558 άναγκιιίων

83 2569 228 2640 συμφορῶν
250 2568 388 2639 βιασθείς,
416 2570 449 2622 τά
468 2567 496 2622 δέ
521 2565 574 2624 ύπό
596 2568 649 2624 τῶν
672 2563 831 2641 συμβούλων
