1890 2970
136 102 689 194 ''ANTIQVITATVMROMARLIBJL
740 98 813 197 ἰον

55 254 93 293 ναν
108 231 227 305 ίιαίτης·
254 235 400 307 ἐνπολὲμρι
414 228 446 302 θ’,
461 229 496 298 εἷς
516 229 583 290 atad>
608 232 656 292 καί
680 237 811 313 πρόνοιαν

55 319 215 389 ιαταστήσας
227 316 340 375 ἕκαστον
352 321 403 374 τοῦ
416 320 455 390 μή
469 321 626 375 καταλιπεῖν
643 322 691 376 τὸν
717 344 808 396 παρα-

55 405 155 474 πάτην,
170 389 191 476 ή
205 401 251 459 καί
264 407 418 461 συνέσπεισε
431 403 478 459 καὶ
497 406 632 460 συνέθυσε
646 404 691 460 καί
716 408 809 462 κοινῶν

55 487 121 564 εροῖν
133 491 264 562 μετέσχεν.
296 484 330 545 οὗ
342 491 427 563 μόνον
442 490 469 544 ϋὲ
481 491 526 558 τῆς
538 487 698 564 περλταῖιτα
712 493 808 564 σοφίας

55 575 121 649 Ιοῖριν
134 569 207 640 άξισς
220 577 395 630 ἐπαινεῖσθαι
409 573 424 629 6
438 571 513 647 άνήρ,
536 568 603 630 άλλά
617 573 663 629 καί
678 578 722 644 τῆς
735 572 809 631 εὖτε-

55 660 114 725 ,είοις
127 659 179 715 τάν
190 660 304 725 θυσιῶν,
319 651 362 722 οἷς
376 659 555 734 γεραίρεσθαι
568 658 631 722 τοὺς
649 660 734 725 θεοὺς
752 665 808 716 ἐνο·

55 747 204 812 ιυθίτησεν,
219 731 254 801 ὧν
269 743 435 800 οἱπλεῖστοι
457 742 577 816 διέμενον
602 740 648 806 ἕως
674 747 719 814 τῆς
741 740 807 801 καθ’

55 831 115 903 ηιιῖς
125 825 234 899 ἡλικίας,
250 826 273 885 εἶ
286 828 331 884 καί
343 829 380 900 μή
395 830 482 883 πάσαν
494 822 565 882 κατά
578 826 805 904 τόνάρχαῖονέπι-

56 915 197 986 ελοάμεναι
209 916 318 989 τρόπον.
345 913 397 986 ἐγὼ
408 916 477 986 γσῖιν
489 914 646 985 ἐθεασάμην
666 918 695 969 ἐν
722 912 806 987 ἱεραῖς

54 996 137 1064 ἶκίαις
148 998 243 1055 δεῖπνα
257 999 418 1072 προκείμενα
432 1002 516 1065 θεοῖς,
532 1002 560 1052 ἐν
572 1000 712 1070 τραπέζαις
729 1002 803 1064 ξυλί·

55 1106 94 1151 αις
109 1081 258 1159 άρχαίκαῖς,
273 1089 300 1140 ἐν
314 1088 405 1148 κανοῖς
418 1084 463 1138 καί
481 1085 648 1148 πινακίσκοις
667 1087 803 1158 κεραμίοις

55 1171 157 1240 λφίτων
168 1171 261 1243 μάζας,
277 1169 322 1225 καί
336 1171 456 1234 πόπανα,
486 1166 532 1224 καί
546 1172 609 1236 ζέας,
635 1169 681 1224 καί
695 1169 803 1242 καρπῶν

55 1275 114 1310 ινοιν
127 1251 258 1328 ἀπαρχάς,
274 1255 318 1310 καί
331 1249 398 1310 άλλα
411 1257 525 1310 τοιαῦτα
539 1253 596 1309 λιτά
617 1254 662 1309 καί
680 1249 800 1310 εὐδάπα-

55 1362 70 1394 π
83 1339 129 1396 καί
142 1341 230 1437 πάσηρ
244 1337 643 1414 άπειροκαλίαςοῖπηλλαγμὲνα*
662 1338 709 1393 καί
721 1359 801 1396 σπον-

55 1423 84 1489 ίις
98 1418 170 1480 εἷλον
184 1428 375 1498 ἐγκεκραμένας
390 1421 439 1479 οὐκ
453 1428 483 1488 ε’ν,
494 1422 622 1498 ἀργυροῖς
634 1423 679 1479 καὶ
690 1428 799 1498 χρυσοῖς

55 1505 800 1584 γγεσιν,ἄλλ’ἐνὀστρακίναιςκυλίσκαιςκαίπράχσις,καί

56 1597 109 1650 άνυ
122 1591 250 1666 ἠγάσθην
264 1595 315 1649 τῶν
328 1592 444 1668 άνάροῖν,
462 1589 504 1649 ὅτι
519 1595 692 1666 διαμένουσιν
703 1597 730 1648 ἐν
745 1597 800 1656 τοῖς

56 1680 157 1754 ατρίσις
186 1679 284 1741 ἔθεσιν,
316 1675 394 1734 οὗιῖέν
407 1683 603 1743 ἐξαλλάττοντες
618 1677 670 1733 τοῖν
683 1675 801 1751 άρχαίιον

55 1764 113 1837 ,τροῖν
127 1761 162 1828 εἷς
176 1765 223 1833 τήν
238 1763 353 1830 άλαζόνα
367 1767 545 1820 πολυτέλειαν.
583 1763 638 1817 ἔστι
656 1763 705 1834 μὲν
719 1750 768 1817 οὖν
782 1758 800 1819 ά

55 1848 80 1906 αί
101 1851 198 1922 Νομάς
221 1850 383 1920 Πομπίλιος,
412 1850 427 1904 6
439 1847 505 1920 μετά
516 1846 651 1920 Ῥωμύλον
665 1843 742 1921 άρξας
756 1851 800 1916 τῆς

56 1937 143 2000 όλεοις,
158 1936 338 2003 κατεστήσατο
352 1935 456 2005 μνήμης
469 1929 529 1997 άξια
544 1934 589 1988 καί
603 1935 693 2005 λόγου,
709 1955 798 2006 περιτ-

55 2024 80 2084 ῖς
93 2022 141 2089 τήν
153 2020 260 2091 γνώμην
275 2017 349 2094 άνήρ,
364 2019 408 2073 καί
422 2020 454 2072 τά
467 2022 533 2074 θεῖα
546 2021 730 2091 ἐξηγήσασθαι
748 2040 798 2074 σσ-
861 2059 864 2066 .

58 2108 87 2169 ὸς
100 2109 129 2160 ἐν
142 2106 237 2176 λόγοις,
254 2103 319 2177 ὑπὲρ
338 2091 373 2158 ὧν
393 2100 504 2175 ὕστερον
530 2105 593 2176 ἐρῶ·
624 2103 671 2158 καί
700 2100 799 2164 Τίλλος

55 2190 165 2254 λστίλιος
178 2191 194 2245 6
208 2192 292 2262 τρίτος
314 2186 368 2243 άπὸ
390 2186 529 2262 Ῥωμύλου
551 2188 727 2261 βασιλεύσας,
754 2187 798 2241 καί

55 2276 134 2340 ’άντες
148 2269 236 2347 σῖμεί
250 2278 349 2329 ἐκεῖνον
362 2278 500 2348 γενόμενοι
514 2276 644 2346 βασιλεῖς·
666 2265 722 2326 ἄλλ’
737 2271 752 2326 6
766 2270 799 2325 τά

55 2361 177 2433 πὲρματα
191 2360 238 2414 καὶ
253 2355 299 2422 τάς
313 2356 396 2431 οῖργάς
408 2354 502 2423 αὐτοῖς
515 2356 668 2428 παρασχὼν,
697 2354 743 2408 καί
766 2357 798 2409 τά

55 2445 187 2520 υριὼτατα
201 2445 433 2516 καταστησάμενος
446 2443 498 2497 τοῖν
511 2440 571 2512 περὶ
584 2437 618 2494 τά
635 2442 701 2495 θεῖα
727 2439 799 2510 νομί-

56 2549 99 2594 οιν,
109 2523 244 2600 Ῥωμύλος
262 2515 302 2596 ήν.

91 2611 167 2669 XXI
172 2608 200 2664 V.
225 2614 314 2665 Aous?
332 2612 364 2666 άέ
386 2609 434 2670 καί
460 2612 507 2687 τῆς
534 2608 618 2694 άλλης
652 2607 819 2697 ἀκοσμίας,
