1890 2970
83 106 117 164 48
198 103 356 155 DIONYSII
371 99 711 153 HALICARNASSENSIS

86 211 189 280 χάνοιτο
202 205 299 275 αὖταῖς
310 210 503 286 πρόσκρουσμα
518 207 583 282 πρός
598 203 723 279 άλλήλας,
742 210 840 264 ἐκτῶν

86 293 161 367 ἱερῶν
175 292 276 350 τοάτων
290 291 468 359 όιαλόσονται,
481 293 539 355 ταῖς
553 286 643 355 ἄλλαις
661 292 769 347 πόλεσιν
782 296 840 349 ἐπι·

87 379 221 452 τρέψασαν
234 378 378 450 διαγνῶναι
391 378 424 431 τά
442 375 600 448 ἐγκλήματα.
626 377 712 429 ταῦτα
738 376 839 439 διεξιών

86 482 114 516 τε
127 458 173 517 καὶ
186 459 237 518 ὅσα
248 457 314 517 άλλα
327 459 430 524 ἕξουσιν
442 455 540 532 ἀγαθά
552 458 741 559 βουλευτήριον
755 462 836 532 ἐγκα-

87 547 288 619 ταστησάμενοι,
307 544 410 608 πάντας
430 541 514 598 ἔπεισε
527 542 589 606 τοὺς
607 546 636 597 ἐν
654 543 689 614 τῷ
708 543 837 640 συνεδρίω

86 631 234 705 παρόντας
247 625 294 682 καλ
305 628 371 699 μετά
379 627 460 682 τουτο
473 625 662 680 κατεσκεύασεν
675 629 702 690 ἐξ
714 614 749 683 ὧν
761 623 838 682 άπα-

86 732 134 767 σαι
147 711 309 784 συνήνεγκαν
323 731 352 766 αι
343 708 453 776 πόλεις
461 711 624 812 χρημάτων,
630 710 677 764 τόν
696 712 739 777 τῆς
751 705 837 785 Ἅρτὲ·

86 795 162 866 μιόος
175 797 248 860 ναόν,
262 796 335 850 τότ’
322 793 366 850 επλ
378 795 427 849 τοῦ
439 792 565 866 μεχλστου
589 794 640 848 τῶν
653 795 681 848 ἐν
695 793 729 867 τῇ
750 789 836 869 Ῥώμῃ

86 880 175 950 λόφων
188 876 337 953 ἱδρυμένον,
351 874 511 934 Λῦεντλνου·
525 874 644 939 καὶτοὺς
658 877 757 947 νόμους
769 897 837 934 συν-

86 965 185 1036 έγραψε
197 966 256 1029 ταῖς
267 964 359 1018 πόλεσι
371 961 438 1036 πρός
451 957 569 1030 άλλήλας,
592 959 637 1016 καὶ
650 957 733 1017 τάλλα
745 963 778 1017 τά
791 982 837 1017 ιτε-

87 1044 173 1119 ρὶτήν
198 1047 291 1122 ἑορτήν
307 1045 353 1101 καλ
377 1046 526 1118 πανήγυριν
548 1040 580 1101 ὅν
604 1045 837 1113 ἐπιτελεσθήσεται

86 1129 186 1198 τρόπον
199 1127 294 1194 ἔταξεν.
320 1128 366 1184 ἵνα
379 1129 408 1184 όὲ
419 1127 513 1202 μηόεὶς
528 1129 622 1204 χρόνος
640 1123 740 1193 αὐτοὺς
760 1126 838 1201 άφα-

87 1215 156 1286 νίση,
183 1213 280 1284 στήλην
305 1213 505 1276 κατασκευάσας
525 1214 639 1281 χαλκῆν,
669 1210 785 1287 ἔγραψεν
808 1216 837 1268 ἐν

87 1296 171 1370 ταύτῃ
184 1298 217 1352 τά
230 1317 258 1353 τε
269 1296 380 1360 όόξαντα
392 1299 448 1361 τοῖς
465 1297 608 1370 συνέδροις,
628 1294 675 1350 καὶ
687 1298 733 1363 τάς
757 1317 836 1368 μετα·

89 1376 254 1450 σχοάσαςτῆς
266 1381 385 1438 συνόόου
396 1382 492 1443 πόλεις.
512 1375 581 1448 αὕτη
594 1378 719 1450 διέμεινεν
731 1375 836 1450 ήστήλη

87 1467 161 1540 με’χρι
172 1467 218 1536 τῆς
229 1467 291 1537 ἐμῆς
299 1461 402 1535 ήλικλας
414 1467 443 1520 ἐν
455 1461 491 1538 τῷ
504 1457 697 1536 τῆςἍρτέμιόος
710 1461 769 1538 ἱερῷ
781 1483 835 1518 κει-

87 1551 158 1624 με’νη,
182 1552 344 1625 γραμμάτων
356 1548 454 1618 ἔχουσα
470 1551 636 1622 χαρακτῆρας
670 1544 834 1619 Ἑλληνικῶν,

88 1625 126 1695 οἷς
138 1634 168 1688 τό
183 1633 299 1690 παλαιόν
311 1629 327 1702 ή
338 1627 431 1696 Ἑλλάς
447 1632 549 1705 ἐχρᾶτο.
575 1625 590 1685 ὃ
609 1629 655 1686 καὶ
669 1627 736 1687 αὐτό
755 1632 834 1699 ποιή·

86 1710 157 1773 σαντ’
170 1712 204 1770 άν
215 1738 254 1782 τις
266 1713 299 1773 οὐ
311 1718 406 1790 μικρόν
419 1715 557 1790 τεκμήριον
569 1717 617 1770 τοῖν
630 1716 667 1786 μή
680 1716 836 1791 βαρβάρους

86 1792 156 1854 ελναι
169 1799 231 1865 τους
243 1796 394 1863 οἰκίσαντας
406 1801 454 1867 τήν
477 1795 586 1870 Ῥώμην.
610 1793 643 1854 οὔ
666 1801 719 1873 γάρ
731 1799 765 1855 άν
775 1795 834 1854 Ἐλ-

85 1884 201 1949 ληνικοῖς
213 1883 324 1954 ἐχρῶντο
337 1884 500 1957 γράμμασιν,
515 1881 589 1947 ὄντες
601 1883 750 1984 βάρβαροι.
758 1885 836 1939 πολι-

86 1963 157 2019 τικαι
177 1964 226 2037 μὲν
240 1964 272 2034 όή
285 1967 388 2037 πράξεις
401 1987 448 2022 του
466 1968 592 2039 βασιλέως
609 1967 706 2022 τούτου
719 1968 770 2023 σὺν
782 1962 836 2023 άλ-

85 2051 143 2110 λαις
155 2050 266 2112 πολλοῖς
278 2050 400 2106 ἐλάττοσλ
416 2069 445 2104 τε
457 2048 504 2105 καὶ
514 2047 723 2151 άμαυροτέραις,
742 2049 772 2106 αἱ
784 2053 835 2122 με’-

84 2150 175 2202 χισται
185 2153 230 2188 και
220 2130 429 2236 λαμπρόταται
442 2121 521 2188 αὗται
533 2134 753 2206 μνημονεύονται.
780 2156 837 2191 πο-

85 2214 189 2287 λεμικαὶ
208 2215 281 2271 όε“
250 2238 280 2272 αι
292 2218 358 2316 πρὸς
371 2214 399 2272 ἓν
410 2217 440 2271 τό
455 2219 506 2272 τῶν
532 2219 675 2291 Τυρρηνῶν
687 2216 767 2284 ἔθνος
792 2239 821 2274 νε

85 2300 200 2373 νόμεναι.
214 2300 275 2377 περὶ
287 2319 322 2357 νιν
334 2300 460 2373 μέλλετ’
430 2319 478 2356 νυν
490 2299 619 2365 όιεξιεναι.

132 2448 250 2499 Bello
276 2465 375 2516 quae
398 2450 582 2518 gesserit
610 2449 781 2525 Tullius.

144 2549 268 2612 XXVII.
296 2554 374 2611 Μετά
396 2554 445 2622 τήν
456 2556 505 2610 τοῖν
536 2557 686 2628 Ταρκυνίου
711 2558 836 2624 τελευτήν
