1890 2970
117 109 166 170 140
231 102 389 153 οτοεπεττ
405 100 752 153 σιττακοπιεετκκιε

111 232 170 278 τιον,
185 203 370 310 ὅτιβούλεται
387 207 581 282 προειδέναι’
554 228 628 271 τινας
644 203 716 280 αύτῷ
731 202 869 279 Ῥωμαίων

111 280 280 396 προσήκατο
293 295 381 348 ποιεῖν
392 292 595 361 κατοσχόντι“
564 312 613 359 την
633 290 726 394 ἀρχὴν..
764 291 865 347 τούτων

113 374 142 433 δ’
154 380 276 450 ἐγένοντο
288 377 340 432 τῶν
351 377 497 432 ἐπιστολῶν
510 374 688 451 ίγκρατεῖς’
662 397 689 431 οι
708 370 809 431 ὕπατοι
821 398 864 431 κα·

112 483 146 517 τα
140 461 266 518 ’τοιάνδε
276 462 336 516 τινά
349 460 503 529 συντυχίαν.
528 481 582 533 παρ
585 455 752 528 Ακυηλίοις
768 462 827 524 τοῖς
839 465 868 515 ίκ

113 550 158 613 τῆς
172 546 342 602 Κολλατίνου
352 546 494 617 γεγονόσιν
513 540 627 614 ἀδελφῆς
640 542 667 598 οί
683 547 867 617 κορυφαιότα-

115 631 216 684 τοιτῶν
225 633 255 684 ἐν
266 629 299 701 τῇ
311 628 467 700 συνωμοσίᾳ
478 627 635 701 κατήγοντο,
650 629 868 702 παρακληθέντες

114 713 147 776 ῶς
159 706 201 782 ἐφ’
215 710 273 787 ἱερά
285 710 331 767 καλ
342 713 455 767 θυσίαν.
479 713 547 784 μετά
561 710 588 765 δέ
601 712 649 775 τήν
662 713 780 767 ἑστίασιν
802 714 867 774 ἐξελ-

114 800 175 852 θεῖν
187 799 215 851 ἐκ
225 794 275 849 τού
289 797 444 868 συμποσίου
456 793 622 858 κελεύσαντες
634 794 697 859 τούς
716 793 866 863 διακόνους,

115 877 160 934 καί
173 879 225 952 πρὸ
237 880 289 934 τῶν
301 880 396 952 θυρῶν
409 880 459 934 τού
473 875 605 955 ἀνδρῶνος
623 874 760 952 ἀπελθεῖν,
782 877 867 950 διεφέ·

114 982 195 1036 ροντο
208 964 274 1038 πρός
288 959 415 1031 ἀλλήλους
427 960 494 1038 ύπέρ
518 965 565 1031 τῆς
586 965 740 1037 καταγωγῆς
753 964 805 1018 τῶν
819 982 866 1018 τυ-

114 1048 234 1120 ράννων,
260 1045 306 1101 καί
317 1049 351 1101 τά
365 1045 478 1108 δόξαντα
490 1043 526 1112 είς
538 1048 678 1111 ἐπιστολάς
695 1047 868 1119 κατεχώριζον

33 1174 36 1181 .
114 1127 312 1203 αὐτογράφους,
326 1125 870 1201 άςέδεττούςἍκυηλίουςλοβόντας,ἀπο-

116 1216 211 1270 όούναι
235 1217 292 1278 τοῖς
317 1219 345 1270 έν
374 1210 522 1288 Τυρρηνίας
534 1215 684 1288 πρέσβεσιν,
710 1215 829 1278 ἐκείνους
842 1214 871 1270 δέ

120 1299 266 1373 Ταρκυνίῳ.
305 1302 333 1354 ἐν
355 1297 439 1371 τούτῳ
457 1297 489 1366 δὴ
513 1298 550 1370 τῷ
563 1301 652 1372 χρόνῳ
662 1301 713 1356 τῶν
731 1300 870 1372 θεραπόν-

117 1401 168 1437 των
180 1383 220 1447 τίς
233 1380 353 1452 οἰνοχόος
357 1426 365 1451 ,
380 1386 409 1439 ἐκ
430 1383 530 1446 πόλεως
541 1386 670 1450 Καινίνης
694 1380 868 1452 αἰχμάλωτος,

117 1465 210 1536 ὄνομα
219 1463 367 1537 Ούίνύίκης,
393 1463 599 1531 ύποπτεύσας’τι
611 1467 674 1532 τούς
690 1461 791 1538 ἀνδρας
802 1469 869 1538 βου-

116 1551 199 1606 λεύειν
213 1553 329 1627 πονηρόν
342 1550 375 1625 τῇ
386 1550 544 1622 μεταστάσει
562 1553 613 1606 τῶν
632 1550 770 1617 διακόνων,
785 1549 868 1622 ἔμεινε

117 1637 198 1707 μόνος
220 1634 270 1698 ’ἔξω
294 1637 369 1711 παρά
380 1639 437 1698 ταῖς
450 1633 557 1708 θύραις,
571 1632 630 1707 ,καί
643 1634 705 1697 τούς
718 1655 745 1689 τε
771 1637 869 1708 λόγους

116 1716 178 1793 παρ’
193 1715 280 1775 οὔτῶν
292 1717 451 1791 ἠκροάσατο,
467 1716 566 1783 καίτοίς
579 1720 718 1782 ἐπιστολάς
731 1712 798 1773 εἶδεν
815 1717 868 1774 ύντό

116 1806 222 1858 πάντων
235 1803 412 1876 γραφομένας,
426 1800 502 1876 ἁρμῷ
514 1824 565 1858 τινι
576 1805 621 1871 τῆς
637 1801 727 1876 θύρας
742 1801 870 1874 διαφανεῖ

116 1888 163 1951 τὴν
176 1884 241 1958 ίίψιν
254 1886 421 1957 προσβαλών.
448 1886 560 1949 ἐξελθὼν
573 1885 602 1941 δέ
613 1889 710 1956 πολλῆς
722 1885 760 1941 ἔτι
773 1889 871 1948 νυκτός

116 1963 207 2036 οίσης,
221 1969 255 2032 ῶς
267 1966 462 2041 ἀπεσταλμένος
474 1968 528 2025 ύπό
535 1971 585 2025 τῶν
598 1971 732 2026 δεσποτῶν
745 1968 789 2025 ἐπί
798 1971 872 2046 χρεί-

116 2072 150 2105 αν
162 2053 221 2106 τινά
224 2054 351 2128 ,πρός“
320 2075 368 2125 μέν
377 2055 447 2118 τούς.
451 2053 568 2118 ὑπάτους
581 2049 694 2122 ὤκνησεν
712 2057 813 2121 ελθεῖν,
828 2053 872 2109 δε·

117 2135 178 2202 διῶς
188 2157 225 2208 μη
217 2137 269 2192 τό
284 2138 394 2212 πρᾶγμα
406 2137 560 2212 συγκρύψαι
579 2139 741 2217 βουλόμενοι
761 2137 806 2194 διά
820 2141 871 2207 τήν

116 2215 224 2276 εύνοιαν
234 2222 286 2276 τῶν
299 2224 439 2295 συγγενῶν,
458 2222 506 2276 τόν
516 2219 673 2292 μηνύσαντα
686 2224 734 2290 την
747 2241 871 2295 συνωμο-

117 2303 178 2359 σίαν
191 2302 373 2376 ἀφανίσωσιν·
386 2303 546 2376 αφικόμενος
563 2300 627 2359 δ
605 2327 640 2369 εις
655 2306 778 2361 Πόπλιον
796 2304 871 2363 ofia-

114 2385 237 2460 λε’ριον,“
222 2410 251 2453 ος
266 2393 294 2444 ἐν
307 2393 361 2454 τοῖς
374 2388 487 2463 πράττοις
500 2390 640 2463 τέσσαρσιν
652 2377 684 2457 ἦν
695 2392 747 2445 τῶν
760 2393 809 2460 τήν
822 2412 870 2447 τυ-

114 2472 229 2545 ραννίδο
242 2473 453 2536 καταλυσάντων,
470 2471 556 2535 δεξιάν
575 2473 680 2539 δίδωσι,
700 2474 746 2529 καί
768 2470 837 2528 δι”
817 2496 870 2548 ορ.

111 2575 165 2610 κων
179 2558 209 2613 τύ
224 2559 319 2615 πιστόν
339 2551 399 2635 παρ’
419 2551 503 2612 ούτού
523 2556 644 2631 λαβόντ’
631 2557 699 2629 υπὲρ
717 2555 869 2630 ἀσφαλείας

33 2696 114 2810 h
