1890 2970
206 128 486 208 Ασττονετλτνσ
504 141 639 195 nom.
658 144 754 199 Lm
832 148 869 207 οε

103 245 210 302 ἐκείνου
222 245 366 318 βασιλείαν
378 248 593 322 παραλαμβάνει,
606 254 652 321 τής
664 272 692 307 τε
707 248 814 322 κηδείας
828 248 867 307 οί-

101 328 222 402 κειδτητι
235 332 283 402 τής
294 333 360 407 πρδς
372 327 465 400 αδτδν,
479 335 624 411 ἐπικλήρου
637 339 682 407 τής
699 335 812 402 Λαίνας
822 357 866 410 γε·

101 417 218 489 νομένης
240 435 309 488 μετα
301 416 368 473 ’τδν
381 419 504 475 Λατίνου
518 421 656 485 θάνατον,
678 418 723 476 καλ
736 441 785 476 του
769 421 865 496 ’πρὸς

102 497 463 605 αστυγείτοναςπολεμου
432 523 476 573 της
482 504 646 579 οτρατηγιας
660 500 768 560 ἕνεκα)
750 506 866 575 απίστη·

102 605 156 642 σαν
167 587 222 661 γάρ
234 573 321 653 αυθες
333 583 389 644 aad
402 589 451 643 τοῦ
463 590 585 645 Λατίνου
596 583 727 656 Ῥότολοι,
740 590 866 662 λαβόντες

101 667 268 744 ήγεμδνα”
233 691 286 726 των
300 667 457 743 αὐτομόλων
470 675 528 729 τινά
542 676 587 743 τής
599 673 723 729 Λατίνου
738 674 866 777 γυναικδς

103 752 358 830 Ἀμάτηςοίνεψιδν,
386 754 473 832 ὄνομα
497 760 610 834 Τνρνδν.
637 755 769 834 δδίοίνήρ
785 777 866 822 ουτος

101 840 195 897 ἐπὶ
158 862 194 914 up
205 842 284 915 γάμῳ
296 842 344 897 τδν
362 840 492 912 κηδεστήν
504 844 687 916 μεμφόμενος,
713 838 755 898 ὅτι
769 844 866 916 παρελ·

103 923 164 981 θέεν
177 926 208 981 τδ
221 926 346 1001 συγγενές
361 922 489 992 οδνείους
501 927 634 995 ἐκήδευσε,
660 930 707 996 τής
720 947 746 982 τε
754 921 865 999 Λματης

102 1011 321 1085 παροξυνοδσης,
349 1009 395 1067 καὶ
412 999 499 1069 άλλων
511 1014 590 1069 τινῶν
611 1012 864 1084 συλλαμβανόντων,

103 1091 176 1170 άγονν
188 1097 237 1167 τήν
251 1081 398 1168 δύναμιν
381 1116 412 1164 ης
426 1084 535 1162 αδτδς
519 1118 589 1183 ηργε,
611 1095 791 1171 προστίθεται
808 1099 865 1161 τοῖς

99 1177 242 1244 Ῥοτόλοις.
269 1183 389 1253 πολέμου
408 1180 436 1236 δε
447 1185 477 1237 ἐκ
501 1184 552 1236 τῶν
574 1182 743 1254 ἐγκλημάτων
762 1180 865 1236 τοέτων

102 1267 261 1340 γενομένου,
285 1265 332 1322 καί
353 1266 440 1339 μάχης
458 1263 576 1342 ἰσχυράς,
590 1268 708 1331 Λαεῖνος
724 1266 773 1340 μὲν
793 1263 864 1323 οἷπο·

102 1351 215 1420 θνήσκει
226 1349 273 1407 καί
289 1353 399 1425 Τυρνδς,
414 1350 460 1407 καί
472 1353 524 1407 τῶν
531 1347 616 1408 τίλλων
630 1353 736 1421 συχνοί·
749 1348 864 1427 κρατοὶί·

104 1455 132 1491 οι
160 1431 188 1490 δ’
216 1431 286 1509 ὅμως
316 1434 343 1490 οί
368 1436 419 1493 οδν
449 1433 553 1511 Αἰνείᾳ.
582 1440 609 1492 ίκ
638 1435 666 1492 δὲ
691 1435 793 1493 τοδτου
818 1438 865 1508 τήν

105 1519 158 1576 ὑπὸ
183 1521 221 1595 τῷ
254 1519 369 1595 κηδεστῇ
402 1524 545 1595 γενομένην
571 1519 655 1596 ιίρχήν
673 1522 782 1585 Αἰνείας
806 1541 865 1577 πα-

105 1606 280 1683 ραλαμβάνει.
306 1606 367 1680 τρία
382 1605 410 1660 δέ
435 1605 599 1679 βασιλεύσας
613 1605 656 1674 έτη
669 1607 736 1677 μετά
750 1607 799 1675 τήν
817 1608 866 1663 τοῦ

106 1691 230 1746 Λατίνου
242 1692 372 1758 τελευτήν,
387 1688 422 1763 τῷ
435 1692 554 1765 τετάρτῳ
577 1691 692 1758 θνήσκει
706 1691 775 1745 κατά
789 1693 867 1748 πάλτ-

104 1796 164 1849 μον.
186 1770 308 1832 Ῥότολοί
321 1796 347 1830 τε
363 1776 417 1850 γάρ
436 1779 464 1830 έν
485 1777 536 1830 τῶν
554 1778 656 1833 πόλεων
677 1774 868 1851 οτραιεδουσιν

105 1857 223 1927 ἅπαντες
236 1861 302 1933 πρδς
316 1855 407 1927 αὔτδν,
426 1859 472 1915 καλ
486 1861 536 1915 σὺν
548 1856 639 1925 αέτοῖς
652 1860 776 1934 βασιλεὺς
793 1861 869 1934 Τυρ-

109 1947 195 2018 ρηνῶν
210 1946 368 2011 Μεσέντιος,
397 1944 485 2009 δείσας
507 1945 569 2020 περὶ
594 1947 645 2000 τῶν
659 1943 743 2000 αὑτοῦ
766 1945 868 2047 χώραν.

108 2026 159 2100 ήδη
175 2033 228 2104 γάρ
242 2029 369 2105 έπλμέγα
393 2049 535 2104 χωρουσαν
560 2031 607 2096 τήν
631 2024 817 2097 Ελληνικήν’
801 2028 871 2101 ορῶν

110 2113 226 2190 δύναμιν
241 2111 351 2184 ήγθετο.
377 2115 463 2186 μάχης
483 2113 511 2169 δέ
524 2115 666 2189 γενομένης
685 2111 823 2208 καρτεράς,
839 2102 871 2161 οὗ

108 2202 201 2276 πράσον
213 2220 261 2256 του
274 2203 436 2268 Λαουϊνίου,
450 2220 495 2254 και
485 2199 612 2254 πολλῶν
624 2199 790 2269 ἑκατέρωθεν
804 2189 872 2245 άπο·

108 2288 237 2353 λοιιίνσν,
265 2288 300 2341 τά
311 2287 362 2359 μέν
375 2283 560 2360 στρατείιματα
585 2283 680 2343 νυκτδς
704 2273 874 2342 ίπελθοδοης

108 2371 233 2441 διελδθη,
259 2373 291 2427 τά
307 2370 336 2426 δέ
348 2366 508 2428 Λῖνείου
472 2388 547 2442 οωμα
573 2364 692 2467 φανερὸν
705 2355 812 2431 οὔδαμή
825 2377 873 2430 γι-

107 2454 272 2558 νδμενονί
244 2479 272 2514 οι
285 2456 334 2528 μέν
349 2452 383 2520 είς
402 2454 486 2518 θεοδς
500 2451 700 2527 μεταναστῆναι
721 2444 833 2510 εἴκαζον,
848 2439 875 2497 οἶ

104 2537 166 2593 δ”
145 2564 179 2594 εν
189 2542 234 2611 ιμ’
237 2560 361 2610 ποναμρη
377 2534 446 2614 παρ’
457 2560 490 2595 ον
501 2562 519 2611 η
509 2533 636 2617 μάχη’
622 2538 741 2620 εγέυετο,
757 2531 888 2613 διαφθα

80 2621 172 2682 μῖνοι
186 2617 239 2670 ναι·
247 2615 322 2690 αείτμ
315 2619 636 2699 ’κατασκευάζουσινε
594 2657 635 2696 οι
650 2635 782 2699 Λατιυσλ
794 2624 908 2715 ἦρωον·
