1890 2970
97 110 370 180 ANTIQVITATVM
389 111 524 166 τοωλιι.
542 113 606 164 ιω.
624 115 670 166 τι.
718 118 767 175 257

53 219 91 286 ἐν,
116 219 315 291 ἐνθυμηθέντες
333 213 376 273 ὅτι
398 220 490 274 πλεῖόν
502 221 573 275 ι’στιν
586 222 614 275 ἐν
637 214 728 284 αὐτοῖς
738 224 768 276 τὸ

53 305 229 376 ιαγκασμὲνον
241 303 275 356 τοί
295 299 365 358 ὅπλα
378 297 443 359 καθ’
469 298 542 375 ἡμῶν
556 299 709 376 ἀναλαβεῖν,
737 303 769 369 ὡς

53 408 55 437 :
70 389 172 442 πολλῶν
181 383 242 459 ἡμῖν
255 385 337 461 ἔργων
350 387 436 443 τεκαὶ
449 389 534 460 λόγων
546 385 681 456 ἐδήλωσεν·
697 390 726 443 τὸ
741 389 769 443 ύὲ

53 470 153 526 ιούσιύν
165 493 193 526 τε
211 471 256 528 καὶ
277 475 305 526 ἐκ
326 472 486 544 προθυμίας
506 469 571 546 ὑπὲρ
590 473 641 526 τῶν
667 473 768 545 τυράν-

53 552 291 629 ιινοίγωνιζόμενον,
319 557 390 610 πάνυ
416 548 520 626 ὀλίγον,
546 556 646 628 μᾶλλον
662 553 689 610 ιλί
704 557 768 611 πολ·

53 639 124 694 ισιόν
141 643 221 712 μέρος
236 662 263 695 τι
281 641 330 693 τού
353 635 494 714 ἡμετέρου·
520 638 625 704 ἔπειτα,
645 633 687 694 ὅτι
704 639 767 702 τούς

53 719 342 794 ολίμονςιίπανταςούχ
354 722 380 778 οἱ
393 724 498 788 πλείους
505 726 561 786 τοῖς
567 720 765 799 οἷριθμοῖςκατ·

53 809 173 880 ρθούοιν,
200 803 255 863 ἄλλ’
270 806 296 862 οἱ
309 809 443 882 κρείττους
456 804 544 882 αρετῇ.
559 806 629 862 πολύ
641 805 719 882 ἔργον
732 804 766 861 ιλν

53 891 285 965 ἠπαραιλιίγμαια
309 893 412 967 φέρειν,
440 887 491 946 ὅσα
499 892 643 965 βαρβάρων
666 910 693 946 τε
719 888 765 946 καί

53 977 154 1045 ἵλληνων
164 975 350 1050 στρατεύματα
358 975 559 1050 ὑπερβάλλοντα
567 973 765 1049 πλιλθειμικραί

53 1061 102 1114 ιίνυ
125 1061 340 1133 κατηγωνίσαντο
366 1059 496 1131 ιλανοίμεις,
525 1054 608 1124 οὕτως
621 1056 685 1115 ὥστε
698 1058 764 1128 μηδὲ

53 1143 140 1208 ιστούς
152 1139 220 1198 εἶναι
234 1147 288 1206 τοῖς
302 1146 411 1205 πολλοῖς
423 1143 484 1207 τούς
494 1142 554 1216 περὶ
568 1139 653 1200 αὐτῶν
661 1145 763 1215 λόγους.

53 1231 60 1280 λ
77 1221 174 1282 τύλλα·
201 1222 257 1281 ἀλλ’
273 1224 345 1297 ύμεῖς
359 1222 438 1281 αύτοί
451 1228 550 1292 πόσους
568 1227 762 1300 κατωρθώκατε

53 1312 158 1378 ιλὲμους
165 1305 225 1409 μετ’
241 1307 400 1378 ἐλοίιτονοςῆ
414 1306 530 1389 ὅσηςνύν
543 1309 610 1378 ἕγετι
619 1310 761 1411 δυνάμεως,

53 1391 178 1458 εί’“ζοοιν
161 1415 178 1462 η
191 1394 334 1457 τοσαύταις
346 1399 528 1495 παρασκευαῖς
540 1392 702 1466 πολεμίων’
685 1415 760 1449 αντι-

53 1479 183 1547 ίχθιντεςς
194 1481 265 1578 φέρε,
281 1476 347 1535 ύλλολ
361 1479 468 1549 τοῖςμὲν
481 1474 570 1543 σίλλοις
580 1477 693 1551 φοβεροὶ
708 1476 761 1533 ύιι-

55 1565 121 1616 λεῖτι
134 1559 212 1630 ὄντες,
225 1583 261 1616 ων
274 1566 404 1664 ἐκρατεῖτο
416 1564 575 1665 μαχόμενοι·
595 1565 723 1623 Λατίνοις
737 1557 760 1616 δ’

53 1667 79 1714 ια
93 1644 198 1710 τούτοις
210 1644 255 1701 καί
268 1648 478 1721 τοῖςσυμμιλχοις
491 1641 762 1709 αύτῶνθύολούσκοις

53 1728 263 1803 ίκαταφρόνητοι,
279 1731 323 1786 ύιεί
338 1734 367 1787 τὸ
378 1733 456 1804 μήπω
464 1731 629 1803 πειραθῆναί
641 1750 704 1786 ποτε
713 1725 761 1784 αύ-

53 1813 90 1876 ιύς
98 1817 142 1882 τῆς
151 1813 364 1888 ύμετίραςμοίχης
371 1843 381 1880 ;
395 1814 462 1870 ἄλλοί
475 1808 760 1877 πολντεςί’στεὸτιταύτ’

53 1898 160 1971 ιφότερα
173 1901 206 1954 τοί
221 1899 288 1966 ἔθνη
302 1900 412 1964 πολλοῖς
423 1898 515 1954 ἐνίκων
527 1899 623 1969 μάχαις
638 1895 664 1954 οἶ
677 1900 760 1956 πατί-

54 2002 67 2044 ς
79 1975 160 2052 ἡμῶν.
188 1972 241 2056 ύρα
254 1971 303 2038 σύν
314 1985 393 2053 λόγον
407 1982 471 2050 ἔχει,
490 1983 523 2036 τύ
536 1983 583 2052 μὲν
597 1984 650 2038 τῶν
663 2003 758 2058 κρατη-

53 2069 128 2121 ἕνιων
148 2068 293 2140 πράγματα
311 2069 355 2123 ἐπὶ
375 2071 433 2131 ταῖς
453 2066 590 2129 τοιαύταις
608 2070 760 2139 συμφοραῖς

53 2151 166 2205 ιείττονα
191 2146 267 2223 εἶναι,
290 2154 323 2207 τοί
338 2153 365 2207 δὲ
378 2154 429 2206 τῶν
441 2153 635 2224 κεκρατηκότων
647 2150 691 2206 ἐπί
703 2151 759 2210 ταῖς

53 2231 364 2337 ρλικαύταιςέυπραγίαις
373 2237 499 2309 χείρονα,
525 2233 570 2289 καί
583 2235 621 2298 τίς
632 2254 666 2290 αν
678 2236 757 2288 τούτο

53 2339 115 2387 ησειε
128 2320 193 2375 νοῖιν
206 2318 286 2387 ἔχωνς
312 2321 489 2390 θαυμιίσαιμι
504 2313 585 2374 δ’ύν
597 2320 670 2384 εἴτις
686 2315 757 2389 ὑμῶν

66 2422 97 2473 με
99 2423 113 2456 ν
126 2405 178 2457 τῶν
191 2404 322 2475 πολεμίων
341 2405 490 2472 πλῆθοςέ
491 2424 505 2458 ν
518 2423 538 2475 ω
525 2387 642 2476 βραχύ
655 2403 685 2456 τύ
698 2422 756 2473 γεν-

53 2487 185 2553 ιῖόνίστιν,
210 2484 332 2560 ὀρρωδεῖ,
352 2483 438 2555 τῆςύ
453 2482 550 2552 οἰκείας
565 2480 755 2586 ύυιιίμεωςού-

53 2590 60 2623 ι
73 2573 168 2641 πολλης
180 2592 226 2627 και
217 2569 345 2646 ἂγαθης
358 2567 435 2641 ούσης
451 2575 627 2643 καταφρονεῖ,
653 2591 684 2642 ης
699 2562 755 2624 οίίτ

53 2649 152 2700 hom.
163 2654 195 2702 T.
205 2653 238 2703 IL
531 2653 550 2700 R
