1890 2970
107 125 157 181 162
226 114 387 169 DIONYSII
404 114 746 172 HALICARNASSENSIS

108 219 171 297 όήηα
191 225 278 282 πόνου
304 223 555 299 παραστησόμενος,
582 223 673 294 έπειόή
693 225 810 295 πλησίον
823 227 869 294 τῆς
919 272 922 291 ,

106 309 227 388 ηεφόρας
250 307 367 385 ίμέεετσ,
396 307 442 365 καί
467 310 531 372 τοὺς
552 303 702 381 Ῥωμαίους
728 309 869 367 ἐθεάσατο
919 296 922 319 ¹

107 396 335 471 προκαθημένους
357 391 406 448 τοῦ
432 392 556 466 ποταμοῖν
563 432 571 458 ,
604 395 816 471 παρεσκευάζετό
841 414 870 450 τε

107 481 174 554 πρός
185 480 288 554 μάχην,
313 476 346 543 έις
359 474 583 550 ἀναρπασόμενος
595 474 694 542 αὔτοέις
707 478 808 547 πλήθει
821 477 871 535 καί

108 564 226 637 ἐπήγαγε
241 561 291 619 σία
299 560 383 636 πολλῇ
389 561 587 638 καταφρονήσει
600 563 649 632 τήν
660 561 786 637 όέεναμεν.
796 555 869 630 είχσν

108 649 136 704 όέ
150 649 198 716 τήν
211 643 354 722 ἡγεμονίαν
366 647 415 701 τοῦ
433 646 482 720 μέν
496 642 638 723 άριστερσῖε
657 647 736 720 κέρως
750 644 779 704 οἱ
793 656 870 722 Ἱλαρ-

107 731 203 787 κυνίου
216 730 318 797 παῖδες,
336 732 418 794 Τῖτος
434 727 480 784 καί
493 732 596 798 Σέξτος,
612 727 751 803 Ῥωμαίων
764 750 793 787 τε
806 732 868 795 τούς

107 814 232 888 φυγάδας
255 807 376 887 άγοντες,
404 812 450 868 καί
472 817 500 868 ἐκ
524 811 571 882 τῆς
588 815 700 888 Γαβίων
724 818 825 881 πόλεως
835 816 867 870 τό

109 898 299 969 ἀκμαιότατον,
319 900 395 962 ξένων
413 916 441 951 τε
459 895 505 952 καί
523 900 704 976 μισθοφόρων
719 903 799 974 χεῖρα
818 895 869 955 οὖν

109 980 215 1056 όλίμην·
235 983 283 1038 τσίι
298 981 326 1037 δέ
340 980 424 1046 όεξιοῒι
437 982 577 1053 Μαμίλιος
589 981 606 1038 ό
621 983 779 1058 Ταρκυνίου
791 982 869 1054 κηδε-

109 1070 179 1136 στής,
200 1061 240 1139 ἐφ’
256 1053 290 1121 οὗ
304 1065 429 1121 Λατίνων
443 1063 471 1120 σί
484 1062 649 1132 άποστάντες
658 1064 798 1141 Ῥωμαίων
810 1067 870 1123 ίτά·

108 1156 201 1215 ξαντα·
227 1148 351 1224 βασιλεῦς
371 1149 399 1204 όέ
412 1153 548 1224 Πορσίνας
566 1153 635 1208 κατά
655 1154 739 1226 μέσην
753 1152 804 1222 τήν
816 1152 871 1222 φό-

108 1237 196 1308 λαγγα
221 1236 352 1291 ἐτέτακτο.
373 1229 507 1306 Ῥωμαίων
527 1229 556 1290 όέ
575 1239 605 1292 τό
617 1235 668 1310 μίν
694 1235 779 1302 δεξιόν
792 1237 871 1311 κέρας

110 1320 228 1395 Σπόριος
254 1320 374 1394 Λάρκιος
399 1316 445 1374 καί
474 1321 553 1383 Τίτος
569 1315 711 1397 Ἑρμήνιος
736 1321 868 1390 κατείχον,

108 1404 228 1461 ἐναντίοι
254 1405 427 1479 Ταρκυνίοις·
459 1404 489 1457 τό
516 1398 545 1457 ⁶²
568 1401 724 1481 ἀριστερόν,
751 1406 869 1477 Μάρκος

112 1484 262 1563 Οὐαλέριος,
290 1486 405 1561 άόελφός
423 1487 544 1560 θατέρου
563 1491 614 1543 τῶν
633 1488 742 1544 ὑπάτων
762 1491 869 1546 Ποπλι·
918 1520 921 1524 ·

108 1574 184 1641 κάλα,
198 1572 243 1629 καί
260 1570 338 1636 Ίίτος
349 1570 525 1644 Λουκρήτιος,
538 1570 554 1627 ό
566 1571 602 1647 τῷ
614 1574 738 1648 πρόσθεν
752 1571 868 1630 ὑπατεί-

109 1677 157 1722 σας
169 1656 226 1725 έτει,
241 1656 372 1729 Μαμιλίῳ
391 1654 436 1710 καί
448 1657 580 1722 Λατίνοις
600 1659 805 1730 συνοισόμενοι·
832 1657 867 1712 τά
915 1652 921 1681 ²

110 1739 139 1796 όέ
150 1743 218 1812 με’σα
231 1743 283 1796 τῶν
296 1740 410 1813 κεράτων
423 1736 450 1794 αἶ
464 1735 565 1796 ὕπατοι
579 1740 866 1815 κατείχονοίμφότερσι.

175 1821 283 1881 ΧΧΙΙΙ.
305 1817 350 1886 Ὡς
364 1821 392 1879 όέ
407 1826 545 1892 συνῆλθον
558 1823 593 1891 εἷς
608 1828 714 1900 χεῖρας,
734 1825 867 1899 ἐμάχοντο
921 1822 924 1837 “

109 1907 235 1980 γενναίως
251 1905 409 1980 ἀμφότεροι,
429 1906 475 1963 καί
500 1911 585 1967 πολίιν
610 1907 731 1980 ἀντεῖχον
751 1911 865 1984 χρόνον·

107 1991 231 2065 ἐμπειρίᾳ
243 1992 292 2064 μέν
304 1990 350 2047 καί
362 1992 488 2066 καρτερίᾳ
514 1994 646 2068 κρείττους
670 1993 744 2060 ὄντες
764 1993 792 2050 οί
803 1989 869 2048 Ῥοι-

107 2078 186 2148 μαίοι
195 2077 247 2130 τῶν
259 2077 385 2134 Λατίνων
397 2076 443 2133 καί
458 2078 619 2150 Τυρρηνῶν,
638 2079 739 2147 πλήθει
758 2078 787 2134 oi
799 2096 870 2151 κρα-

108 2162 214 2225 τοῦντες
229 2162 279 2217 τῶν
288 2157 424 2234 Ῥωμαίων
437 2160 465 2216 οί
481 2161 615 2235 Τυῤῥηνολ
627 2162 673 2218 καί
685 2165 803 2220 Λατῖνοι
816 2180 872 2234 μα·

108 2245 169 2321 κρρῖ.
183 2247 287 2302 πολλῶν
299 2245 328 2302 δέ
341 2246 476 2302 πεσόντων
496 2241 542 2318 εἶφ’
563 2248 699 2323 ἑκατέρων,
715 2245 774 2313 όέος
787 2243 871 2321 είσόρ-
902 2287 908 2298 ε

106 2350 180 2398 χεται
195 2324 358 2404 Ῥωμαιους,
385 2331 490 2404 πρῶτον
507 2332 556 2404 μέν
574 2332 637 2395 τοὺς
657 2332 820 2400 κατέχοντας
837 2334 870 2388 τό
897 2326 900 2333 ’

108 2411 248 2488 άριοιερόν
261 2417 350 2492 κέρας,
371 2413 461 2483 έπειόή
482 2415 544 2481 τούς
562 2411 694 2490 ἡγεμόνας
713 2417 871 2472 ἐθεάσαντο
894 2434 898 2445 ·

107 2494 252 2574 Οὐαλέριόν
266 2521 294 2556 τε
318 2496 365 2556 καί
382 2500 553 2575 Λουκρήτιον
577 2501 744 2578 τραυματίας
764 2497 857 2557 άκοκο

97 2588 250 2657 μιοθέντας
268 2590 299 2648 ίκ
317 2587 365 2660 τής
379 2584 473 2661 μάχης·
496 2582 590 2646 ’έπειτα
607 2584 737 2651 καὶτοὺς
757 2583 804 2642 ἐπί
818 2588 868 2642 τοί
