<?xml version="1.0" encoding="UTF-8"?>
<!DOCTYPE html PUBLIC "-//W3C//DTD XHTML 1.0 Transitional//EN"
    "http://www.w3.org/TR/xhtml1/DTD/xhtml1-transitional.dtd">
<html xmlns="http://www.w3.org/1999/xhtml" xml:lang="en" lang="en">
 <head>
  <title>
</title>
<meta http-equiv="Content-Type" content="text/html;charset=utf-8" />
  <meta name='ocr-system' content='tesseract 3.04.00' />
  <meta name='ocr-capabilities' content='ocr_page ocr_carea ocr_par ocr_line ocrx_word'/>
</head>
<body>
  <div class='ocr_page' id='page_1' title='image "./operaomnia00diongoog_0713.png"; bbox 0 0 1890 2970; ppageno 0'>
   <div class='ocr_carea' id='block_1_1' title="bbox 161 111 818 180">
    <p class='ocr_par' dir='ltr' id='par_1_1' title="bbox 161 111 818 180">
     <span class='ocr_line' id='line_1_1' title="bbox 161 111 818 180; baseline 0.008 -17"><span class='ocrx_word' id='word_1_1' title='bbox 161 112 430 180; x_wconf 75' lang='lat' dir='ltr'><strong>ANTIQVITATVM</strong></span> <span class='ocrx_word' id='word_1_2' title='bbox 451 111 585 165; x_wconf 75' lang='grc' dir='ltr'><strong><em>ιιοιοιιι.</em></strong></span> <span class='ocrx_word' id='word_1_3' title='bbox 604 115 669 164; x_wconf 75' lang='grc' dir='ltr'><strong><em>τοι.</em></strong></span> <span class='ocrx_word' id='word_1_4' title='bbox 680 116 711 167; x_wconf 89' lang='lat' dir='ltr'><strong><em>v.</em></strong></span> <span class='ocrx_word' id='word_1_5' title='bbox 767 123 818 177; x_wconf 79' lang='lat'><strong><em>219</em></strong></span> 
     </span>
    </p>
   </div>
   <div class='ocr_carea' id='block_1_2' title="bbox 28 212 816 2642">
    <p class='ocr_par' dir='ltr' id='par_1_2' title="bbox 28 212 816 2642">
     <span class='ocr_line' id='line_1_2' title="bbox 62 212 816 297; baseline 0.001 -21"><span class='ocrx_word' id='word_1_6' title='bbox 62 219 169 292; x_wconf 86' lang='grc' dir='ltr'><strong><em>διατῶν,</em></strong></span> <span class='ocrx_word' id='word_1_7' title='bbox 180 212 328 294; x_wconf 79' lang='grc' dir='ltr'><strong><em>Ἅρικηνῶν,</em></strong></span> <span class='ocrx_word' id='word_1_8' title='bbox 343 221 511 284; x_wconf 83' lang='grc' dir='ltr'><strong><em>Βοίαλανῶν,</em></strong></span> <span class='ocrx_word' id='word_1_9' title='bbox 526 220 727 293; x_wconf 74' lang='grc' dir='ltr'><strong><em>Βουβεντανῶν,</em></strong></span> <span class='ocrx_word' id='word_1_10' title='bbox 743 224 816 297; x_wconf 78' lang='grc' dir='ltr'><strong><em>Κάρ·</em></strong></span> 
     </span>
     <span class='ocr_line' id='line_1_3' title="bbox 62 303 814 379; baseline 0.001 -19"><span class='ocrx_word' id='word_1_11' title='bbox 62 327 121 372; x_wconf 87' lang='grc' dir='ltr'><strong><em>νων,</em></strong></span> <span class='ocrx_word' id='word_1_12' title='bbox 137 306 337 379; x_wconf 85' lang='grc' dir='ltr'><strong><em>Κορυεντανῶν,</em></strong></span> <span class='ocrx_word' id='word_1_13' title='bbox 347 303 465 376; x_wconf 87' lang='grc' dir='ltr'><strong><em>Γαβίων,</em></strong></span> <span class='ocrx_word' id='word_1_14' title='bbox 478 303 647 376; x_wconf 88' lang='grc' dir='ltr'><strong><em>Λαρατίνων,</em></strong></span> <span class='ocrx_word' id='word_1_15' title='bbox 661 305 814 373; x_wconf 87' lang='grc' dir='ltr'><strong><em>Λαουνίων,</em></strong></span> 
     </span>
     <span class='ocr_line' id='line_1_4' title="bbox 61 389 814 463; baseline 0 -19"><span class='ocrx_word' id='word_1_16' title='bbox 61 389 241 462; x_wconf 74' lang='grc' dir='ltr'><strong><em>Λαβινιατῶν,</em></strong></span> <span class='ocrx_word' id='word_1_17' title='bbox 255 389 428 458; x_wconf 84' lang='grc' dir='ltr'><strong><em>Λαβικανῶν,</em></strong></span> <span class='ocrx_word' id='word_1_18' title='bbox 444 389 634 460; x_wconf 79' lang='grc' dir='ltr'><strong><em>Νωμεντανῶν,</em></strong></span> <span class='ocrx_word' id='word_1_19' title='bbox 654 391 814 463; x_wconf 73' lang='grc' dir='ltr'><strong><em>Μωρεανῶν,</em></strong></span> 
     </span>
     <span class='ocr_line' id='line_1_5' title="bbox 60 470 815 549; baseline -0.004 -21"><span class='ocrx_word' id='word_1_20' title='bbox 60 475 274 549; x_wconf 81' lang='grc' dir='ltr'><strong><em>Πραινεστηνῶν,</em></strong></span> <span class='ocrx_word' id='word_1_21' title='bbox 289 470 443 537; x_wconf 88' lang='grc' dir='ltr'><strong><em>Παιόανῶν,</em></strong></span> <span class='ocrx_word' id='word_1_22' title='bbox 458 473 695 544; x_wconf 86' lang='grc' dir='ltr'><strong><em>Κορκοτουλανῶν,</em></strong></span> <span class='ocrx_word' id='word_1_23' title='bbox 712 480 815 547; x_wconf 49' lang='grc' dir='ltr'><strong><em>Σατρι,</em></strong></span> 
     </span>
     <span class='ocr_line' id='line_1_6' title="bbox 59 554 812 630; baseline -0.008 -19"><span class='ocrx_word' id='word_1_24' title='bbox 59 557 158 622; x_wconf 88' lang='grc' dir='ltr'><strong><em>κανῶν,</em></strong></span> <span class='ocrx_word' id='word_1_25' title='bbox 172 555 354 624; x_wconf 77' lang='grc' dir='ltr'><strong><em>Σκαπτηνίων,</em></strong></span> <span class='ocrx_word' id='word_1_26' title='bbox 369 554 500 624; x_wconf 89' lang='grc' dir='ltr'><strong><em>Σητίνων,</em></strong></span> <span class='ocrx_word' id='word_1_27' title='bbox 510 599 512 603; x_wconf 94' lang='grc'><em>.</em></span> <span class='ocrx_word' id='word_1_28' title='bbox 524 556 677 624; x_wconf 74' lang='grc' dir='ltr'><strong><em>Τελληνίων,</em></strong></span> <span class='ocrx_word' id='word_1_29' title='bbox 695 557 812 630; x_wconf 57' lang='grc' dir='ltr'><strong><em>Τιβουρ,</em></strong></span> 
     </span>
     <span class='ocr_line' id='line_1_7' title="bbox 59 633 814 714; baseline 0 -19"><span class='ocrx_word' id='word_1_30' title='bbox 59 643 151 704; x_wconf 89' lang='grc' dir='ltr'><strong><em>τίνων,</em></strong></span> <span class='ocrx_word' id='word_1_31' title='bbox 182 641 354 711; x_wconf 76' lang='grc' dir='ltr'><strong><em>Τυσκλανῶν,</em></strong></span> <span class='ocrx_word' id='word_1_32' title='bbox 385 638 537 713; x_wconf 81' lang='grc' dir='ltr'><strong><em>Τρικρίνων,</em></strong></span> <span class='ocrx_word' id='word_1_33' title='bbox 567 633 760 714; x_wconf 83' lang='grc' dir='ltr'><strong><em>Οόελιτρανῶν·</em></strong></span> <span class='ocrx_word' id='word_1_34' title='bbox 786 644 814 695; x_wconf 80' lang='grc' dir='ltr'><strong><em>ἐκ</em></strong></span> 
     </span>
     <span class='ocr_line' id='line_1_8' title="bbox 59 719 812 799; baseline 0.001 -22"><span class='ocrx_word' id='word_1_35' title='bbox 59 724 162 779; x_wconf 84' lang='grc' dir='ltr'><strong><em>τοὺτων</em></strong></span> <span class='ocrx_word' id='word_1_36' title='bbox 176 725 271 779; x_wconf 86' lang='grc' dir='ltr'><strong><em>πασῶν</em></strong></span> <span class='ocrx_word' id='word_1_37' title='bbox 282 724 334 778; x_wconf 92' lang='grc' dir='ltr'><strong><em>τῶν</em></strong></span> <span class='ocrx_word' id='word_1_38' title='bbox 347 723 447 777; x_wconf 90' lang='grc' dir='ltr'><strong><em>πόλεων</em></strong></span> <span class='ocrx_word' id='word_1_39' title='bbox 453 723 515 784; x_wconf 82' lang='grc' dir='ltr'><strong><em>τούς</em></strong></span> <span class='ocrx_word' id='word_1_40' title='bbox 527 726 555 776; x_wconf 78' lang='grc' dir='ltr'><strong><em>έν</em></strong></span> <span class='ocrx_word' id='word_1_41' title='bbox 568 719 641 797; x_wconf 82' lang='grc' dir='ltr'><strong><em>άκμῇ</em></strong></span> <span class='ocrx_word' id='word_1_42' title='bbox 654 723 812 799; x_wconf 78' lang='grc' dir='ltr'><strong><em>στρατεύειν,</em></strong></span> 
     </span>
     <span class='ocr_line' id='line_1_9' title="bbox 59 801 815 882; baseline 0.001 -20"><span class='ocrx_word' id='word_1_43' title='bbox 59 803 132 864; x_wconf 83' lang='grc' dir='ltr'><strong><em>ὅσων</em></strong></span> <span class='ocrx_word' id='word_1_44' title='bbox 148 804 182 860; x_wconf 88' lang='grc' dir='ltr'><strong><em>άν</em></strong></span> <span class='ocrx_word' id='word_1_45' title='bbox 200 806 245 880; x_wconf 79' lang='grc' dir='ltr'><strong><em>δίῃ</em></strong></span> <span class='ocrx_word' id='word_1_46' title='bbox 270 809 325 873; x_wconf 84' lang='grc' dir='ltr'><strong><em>τοῖς</em></strong></span> <span class='ocrx_word' id='word_1_47' title='bbox 350 802 486 882; x_wconf 90' lang='grc' dir='ltr'><strong><em>ήγεμόσιν,</em></strong></span> <span class='ocrx_word' id='word_1_48' title='bbox 510 801 659 880; x_wconf 76' lang='grc' dir='ltr'><strong><em>Ὀκταουίλρ</em></strong></span> <span class='ocrx_word' id='word_1_49' title='bbox 683 808 815 882; x_wconf 80' lang='grc' dir='ltr'><strong><em>Μαμιλίῳ</em></strong></span> 
     </span>
     <span class='ocr_line' id='line_1_10' title="bbox 59 889 814 966; baseline 0 -20"><span class='ocrx_word' id='word_1_50' title='bbox 59 891 106 947; x_wconf 85' lang='grc' dir='ltr'><strong><em>καί</em></strong></span> <span class='ocrx_word' id='word_1_51' title='bbox 119 891 203 964; x_wconf 78' lang='grc' dir='ltr'><strong><em>Σέξτῳ</em></strong></span> <span class='ocrx_word' id='word_1_52' title='bbox 216 893 372 966; x_wconf 75' lang='grc' dir='ltr'><strong><em>Ταρκυνίῳ·</em></strong></span> <span class='ocrx_word' id='word_1_53' title='bbox 385 889 499 955; x_wconf 75' lang='grc' dir='ltr'><strong><em>τούτους</em></strong></span> <span class='ocrx_word' id='word_1_54' title='bbox 510 892 563 964; x_wconf 87' lang='grc' dir='ltr'><strong><em>γάρ</em></strong></span> <span class='ocrx_word' id='word_1_55' title='bbox 577 889 717 953; x_wconf 80' lang='grc' dir='ltr'><strong><em>άπέδειξοιν</em></strong></span> <span class='ocrx_word' id='word_1_56' title='bbox 729 911 814 966; x_wconf 89' lang='grc' dir='ltr'><strong><em>στρα-</em></strong></span> 
     </span>
     <span class='ocr_line' id='line_1_11' title="bbox 58 969 814 1053; baseline 0.001 -24"><span class='ocrx_word' id='word_1_57' title='bbox 58 975 157 1049; x_wconf 84' lang='grc' dir='ltr'><strong><em>τηγσδς</em></strong></span> <span class='ocrx_word' id='word_1_58' title='bbox 181 970 388 1053; x_wconf 77' lang='grc' dir='ltr'><strong><em>αὐτοκράτορας.</em></strong></span> <span class='ocrx_word' id='word_1_59' title='bbox 426 973 471 1031; x_wconf 75' lang='grc' dir='ltr'><strong><em>ἵνα</em></strong></span> <span class='ocrx_word' id='word_1_60' title='bbox 498 969 526 1028; x_wconf 83' lang='grc' dir='ltr'><strong><em>δ’</em></strong></span> <span class='ocrx_word' id='word_1_61' title='bbox 552 969 690 1048; x_wconf 77' lang='grc' dir='ltr'><strong><em>εὐπρεπεῖς</em></strong></span> <span class='ocrx_word' id='word_1_62' title='bbox 720 973 814 1038; x_wconf 83' lang='grc' dir='ltr'><strong><em>δόξωσι</em></strong></span> 
     </span>
     <span class='ocr_line' id='line_1_12' title="bbox 58 1059 813 1134; baseline 0 -20"><span class='ocrx_word' id='word_1_63' title='bbox 58 1062 203 1115; x_wconf 79' lang='grc' dir='ltr'><strong><em>ποιεῖσθαι</em></strong></span> <span class='ocrx_word' id='word_1_64' title='bbox 216 1062 261 1122; x_wconf 90' lang='grc' dir='ltr'><strong><em>τάς</em></strong></span> <span class='ocrx_word' id='word_1_65' title='bbox 273 1062 323 1115; x_wconf 77' lang='grc' dir='ltr'><strong><em>τοῦ</em></strong></span> <span class='ocrx_word' id='word_1_66' title='bbox 332 1061 449 1132; x_wconf 86' lang='grc' dir='ltr'><strong><em>πολέμου</em></strong></span> <span class='ocrx_word' id='word_1_67' title='bbox 461 1059 641 1134; x_wconf 80' lang='grc' dir='ltr'><strong><em>προαιρέσεις,</em></strong></span> <span class='ocrx_word' id='word_1_68' title='bbox 649 1059 813 1130; x_wconf 84' lang='grc' dir='ltr'><strong><em>πρεσβευτάς</em></strong></span> 
     </span>
     <span class='ocr_line' id='line_1_13' title="bbox 58 1139 813 1214; baseline -0.003 -15"><span class='ocrx_word' id='word_1_69' title='bbox 58 1148 86 1206; x_wconf 73' lang='grc' dir='ltr'><strong><em>ἐξ</em></strong></span> <span class='ocrx_word' id='word_1_70' title='bbox 96 1144 206 1213; x_wconf 79' lang='grc' dir='ltr'><strong><em>ἑκάστης</em></strong></span> <span class='ocrx_word' id='word_1_71' title='bbox 218 1145 316 1207; x_wconf 86' lang='grc' dir='ltr'><strong><em>πόλεως</em></strong></span> <span class='ocrx_word' id='word_1_72' title='bbox 340 1143 402 1207; x_wconf 84' lang='grc' dir='ltr'><strong><em>τοίνς</em></strong></span> <span class='ocrx_word' id='word_1_73' title='bbox 426 1143 653 1212; x_wconf 76' lang='grc' dir='ltr'><strong><em>ἐπιφανεστάτους</em></strong></span> <span class='ocrx_word' id='word_1_74' title='bbox 666 1139 700 1206; x_wconf 83' lang='grc' dir='ltr'><strong><em>είς</em></strong></span> <span class='ocrx_word' id='word_1_75' title='bbox 709 1141 813 1214; x_wconf 82' lang='grc' dir='ltr'><strong><em>Ῥώμην</em></strong></span> 
     </span>
     <span class='ocr_line' id='line_1_14' title="bbox 57 1224 812 1300; baseline -0.004 -17"><span class='ocrx_word' id='word_1_76' title='bbox 57 1227 228 1284; x_wconf 78' lang='grc' dir='ltr'><strong><em>άπέστειλαν’</em></strong></span> <span class='ocrx_word' id='word_1_77' title='bbox 255 1224 283 1281; x_wconf 81' lang='grc' dir='ltr'><strong><em>οἳ</em></strong></span> <span class='ocrx_word' id='word_1_78' title='bbox 294 1225 472 1291; x_wconf 76' lang='grc' dir='ltr'><strong><em>καταστάντες</em></strong></span> <span class='ocrx_word' id='word_1_79' title='bbox 485 1224 528 1281; x_wconf 79' lang='grc' dir='ltr'><strong><em>ἐπί</em></strong></span> <span class='ocrx_word' id='word_1_80' title='bbox 541 1226 588 1294; x_wconf 82' lang='grc' dir='ltr'><strong><em>τήν</em></strong></span> <span class='ocrx_word' id='word_1_81' title='bbox 600 1228 709 1296; x_wconf 86' lang='grc' dir='ltr'><strong><em>βουλήν,</em></strong></span> <span class='ocrx_word' id='word_1_82' title='bbox 724 1224 812 1300; x_wconf 80' lang='grc' dir='ltr'><strong><em>έλεγσν</em></strong></span> 
     </span>
     <span class='ocr_line' id='line_1_15' title="bbox 56 1304 811 1383; baseline -0.003 -16"><span class='ocrx_word' id='word_1_83' title='bbox 56 1313 270 1383; x_wconf 78' lang='grc' dir='ltr'><strong><em>κατηγορεῖσθαι</em></strong></span> <span class='ocrx_word' id='word_1_84' title='bbox 296 1311 344 1377; x_wconf 89' lang='grc' dir='ltr'><strong><em>τήν</em></strong></span> <span class='ocrx_word' id='word_1_85' title='bbox 358 1310 436 1364; x_wconf 84' lang='grc' dir='ltr'><strong><em>πόλιν</em></strong></span> <span class='ocrx_word' id='word_1_86' title='bbox 460 1304 548 1364; x_wconf 81' lang='grc' dir='ltr'><strong><em>αὗτῶν</em></strong></span> <span class='ocrx_word' id='word_1_87' title='bbox 574 1306 626 1365; x_wconf 79' lang='grc' dir='ltr'><strong><em>ὗπό</em></strong></span> <span class='ocrx_word' id='word_1_88' title='bbox 642 1312 688 1376; x_wconf 84' lang='grc' dir='ltr'><strong><em>τής</em></strong></span> <span class='ocrx_word' id='word_1_89' title='bbox 712 1313 811 1374; x_wconf 88' lang='grc' dir='ltr'><strong><em>πόλεως</em></strong></span> 
     </span>
     <span class='ocr_line' id='line_1_16' title="bbox 56 1388 811 1469; baseline 0.001 -20"><span class='ocrx_word' id='word_1_90' title='bbox 56 1397 109 1451; x_wconf 83' lang='grc' dir='ltr'><strong><em>τῶν</em></strong></span> <span class='ocrx_word' id='word_1_91' title='bbox 119 1390 264 1467; x_wconf 73' lang='grc' dir='ltr'><strong><em>Ἀρικηνῶν,</em></strong></span> <span class='ocrx_word' id='word_1_92' title='bbox 292 1388 334 1448; x_wconf 84' lang='grc' dir='ltr'><strong><em>ότι</em></strong></span> <span class='ocrx_word' id='word_1_93' title='bbox 347 1393 461 1465; x_wconf 86' lang='grc' dir='ltr'><strong><em>πόλεμον</em></strong></span> <span class='ocrx_word' id='word_1_94' title='bbox 474 1393 650 1469; x_wconf 79' lang='grc' dir='ltr'><strong><em>ἐπιφερόντων</em></strong></span> <span class='ocrx_word' id='word_1_95' title='bbox 666 1394 811 1466; x_wconf 70' lang='grc' dir='ltr'><strong><em>Τυρῥηνῶν,</em></strong></span> 
     </span>
     <span class='ocr_line' id='line_1_17' title="bbox 28 1472 811 1551; baseline 0 -17"><span class='ocrx_word' id='word_1_96' title='bbox 28 1537 35 1548; x_wconf 66' lang='grc'><strong><em>,</em></strong></span> <span class='ocrx_word' id='word_1_97' title='bbox 53 1476 206 1550; x_wconf 67' lang='grc' dir='ltr'><strong><em>Ἀρικηνοῖς,</em></strong></span> <span class='ocrx_word' id='word_1_98' title='bbox 225 1473 258 1533; x_wconf 81' lang='grc' dir='ltr'><strong><em>οὗ</em></strong></span> <span class='ocrx_word' id='word_1_99' title='bbox 271 1479 355 1551; x_wconf 90' lang='grc' dir='ltr'><strong><em>μόνον</em></strong></span> <span class='ocrx_word' id='word_1_100' title='bbox 368 1473 496 1548; x_wconf 80' lang='grc' dir='ltr'><strong><em>άσφαλελς</em></strong></span> <span class='ocrx_word' id='word_1_101' title='bbox 520 1480 650 1549; x_wconf 78' lang='grc' dir='ltr'><strong><em>παρεῖχον</em></strong></span> <span class='ocrx_word' id='word_1_102' title='bbox 662 1472 753 1541; x_wconf 76' lang='grc' dir='ltr'><strong><em>αὐτοῖς</em></strong></span> <span class='ocrx_word' id='word_1_103' title='bbox 765 1479 811 1542; x_wconf 86' lang='grc' dir='ltr'><strong><em>τάς</em></strong></span> 
     </span>
     <span class='ocr_line' id='line_1_18' title="bbox 57 1558 810 1666; baseline 0 -48"><span class='ocrx_word' id='word_1_104' title='bbox 57 1562 165 1624; x_wconf 75' lang='grc' dir='ltr'><strong><em>διόδους</em></strong></span> <span class='ocrx_word' id='word_1_105' title='bbox 179 1561 275 1629; x_wconf 85' lang='grc' dir='ltr'><strong><em>διάτής</em></strong></span> <span class='ocrx_word' id='word_1_106' title='bbox 287 1562 389 1618; x_wconf 73' lang='grc' dir='ltr'><strong><em>ἑαυτῶν</em></strong></span> <span class='ocrx_word' id='word_1_107' title='bbox 397 1559 491 1635; x_wconf 78' lang='grc' dir='ltr'><strong><em>χώρας,</em></strong></span> <span class='ocrx_word' id='word_1_108' title='bbox 507 1558 573 1617; x_wconf 89' lang='grc' dir='ltr'><strong><em>άλλά</em></strong></span> <span class='ocrx_word' id='word_1_109' title='bbox 586 1561 632 1618; x_wconf 82' lang='grc' dir='ltr'><strong><em>καὶ</em></strong></span> <span class='ocrx_word' id='word_1_110' title='bbox 645 1562 810 1666; x_wconf 76' lang='grc' dir='ltr'><strong><em>συνέπραξαν</em></strong></span> 
     </span>
     <span class='ocr_line' id='line_1_19' title="bbox 59 1639 810 1718; baseline -0.004 -15"><span class='ocrx_word' id='word_1_111' title='bbox 59 1644 130 1703; x_wconf 82' lang='grc' dir='ltr'><strong><em>ὅσων</em></strong></span> <span class='ocrx_word' id='word_1_112' title='bbox 142 1639 234 1710; x_wconf 86' lang='grc' dir='ltr'><strong><em>αάτοις</em></strong></span> <span class='ocrx_word' id='word_1_113' title='bbox 247 1643 283 1710; x_wconf 90' lang='grc' dir='ltr'><strong><em>είς</em></strong></span> <span class='ocrx_word' id='word_1_114' title='bbox 295 1647 342 1701; x_wconf 91' lang='grc' dir='ltr'><strong><em>τόν</em></strong></span> <span class='ocrx_word' id='word_1_115' title='bbox 354 1645 469 1715; x_wconf 83' lang='grc' dir='ltr'><strong><em>πόλεμον</em></strong></span> <span class='ocrx_word' id='word_1_116' title='bbox 482 1644 541 1713; x_wconf 74' lang='grc' dir='ltr'><strong><em>ἔδει,</em></strong></span> <span class='ocrx_word' id='word_1_117' title='bbox 562 1644 609 1699; x_wconf 79' lang='grc' dir='ltr'><strong><em>καί</em></strong></span> <span class='ocrx_word' id='word_1_118' title='bbox 629 1645 691 1708; x_wconf 80' lang='grc' dir='ltr'><strong><em>τοὺς</em></strong></span> <span class='ocrx_word' id='word_1_119' title='bbox 709 1647 810 1718; x_wconf 83' lang='grc' dir='ltr'><strong><em>φυγόν-</em></strong></span> 
     </span>
     <span class='ocr_line' id='line_1_20' title="bbox 57 1727 810 1832; baseline -0.004 -45"><span class='ocrx_word' id='word_1_120' title='bbox 57 1753 103 1796; x_wconf 86' lang='grc' dir='ltr'><strong><em>τας</em></strong></span> <span class='ocrx_word' id='word_1_121' title='bbox 116 1732 144 1785; x_wconf 92' lang='grc' dir='ltr'><strong><em>εκ</em></strong></span> <span class='ocrx_word' id='word_1_122' title='bbox 157 1732 204 1799; x_wconf 86' lang='grc' dir='ltr'><strong><em>τής</em></strong></span> <span class='ocrx_word' id='word_1_123' title='bbox 215 1732 314 1805; x_wconf 79' lang='grc' dir='ltr'><strong><em>τροπῆς</em></strong></span> <span class='ocrx_word' id='word_1_124' title='bbox 327 1727 524 1832; x_wconf 77' lang='grc' dir='ltr'><strong><em>ὑποδεξάμενοι,</em></strong></span> <span class='ocrx_word' id='word_1_125' title='bbox 550 1728 715 1803; x_wconf 86' lang='grc' dir='ltr'><strong><em>τραυματίας</em></strong></span> <span class='ocrx_word' id='word_1_126' title='bbox 726 1750 752 1783; x_wconf 87' lang='grc' dir='ltr'><strong><em>τε</em></strong></span> <span class='ocrx_word' id='word_1_127' title='bbox 765 1728 810 1784; x_wconf 89' lang='grc' dir='ltr'><strong><em>καί</em></strong></span> 
     </span>
     <span class='ocr_line' id='line_1_21' title="bbox 55 1806 807 1886; baseline -0.003 -16"><span class='ocrx_word' id='word_1_128' title='bbox 55 1813 226 1877; x_wconf 69' lang='grc' dir='ltr'><strong><em>άνόπλους”</em></strong></span> <span class='ocrx_word' id='word_1_129' title='bbox 209 1834 288 1877; x_wconf 86' lang='grc' dir='ltr'><strong><em>οντας</em></strong></span> <span class='ocrx_word' id='word_1_130' title='bbox 301 1809 423 1876; x_wconf 81' lang='grc' dir='ltr'><strong><em>ἅπαντας</em></strong></span> <span class='ocrx_word' id='word_1_131' title='bbox 439 1813 554 1870; x_wconf 87' lang='grc' dir='ltr'><strong><em>ε’·σωσαν</em></strong></span> <span class='ocrx_word' id='word_1_132' title='bbox 583 1806 633 1868; x_wconf 78' lang='grc' dir='ltr'><strong><em>οὐκ</em></strong></span> <span class='ocrx_word' id='word_1_133' title='bbox 650 1810 807 1886; x_wconf 81' lang='grc' dir='ltr'><strong><em>άγνοσῶντες</em></strong></span> 
     </span>
     <span class='ocr_line' id='line_1_22' title="bbox 55 1892 804 2000; baseline -0.004 -46"><span class='ocrx_word' id='word_1_134' title='bbox 55 1897 98 1954; x_wconf 83' lang='grc' dir='ltr'><strong><em>ὅτι</em></strong></span> <span class='ocrx_word' id='word_1_135' title='bbox 112 1901 200 1954; x_wconf 90' lang='grc' dir='ltr'><strong><em>κοινόν</em></strong></span> <span class='ocrx_word' id='word_1_136' title='bbox 212 1892 344 1973; x_wconf 81' lang='grc' dir='ltr'><strong><em>ἐπῆγον</em></strong></span> <span class='ocrx_word' id='word_1_137' title='bbox 325 1917 411 1952; x_wconf 90' lang='grc' dir='ltr'><strong><em>απασι</em></strong></span> <span class='ocrx_word' id='word_1_138' title='bbox 436 1899 493 1960; x_wconf 85' lang='grc' dir='ltr'><strong><em>τοίς</em></strong></span> <span class='ocrx_word' id='word_1_139' title='bbox 511 1897 655 2000; x_wconf 76' lang='grc' dir='ltr'><strong><em>ὁμοεθνέσι</em></strong></span> <span class='ocrx_word' id='word_1_140' title='bbox 680 1899 804 1969; x_wconf 88' lang='grc' dir='ltr'><strong><em>πόλεμον·</em></strong></span> 
     </span>
     <span class='ocr_line' id='line_1_23' title="bbox 55 1976 808 2055; baseline -0.003 -15"><span class='ocrx_word' id='word_1_141' title='bbox 55 1980 136 2040; x_wconf 81' lang='grc' dir='ltr'><strong><em>καί</em></strong></span> <span class='ocrx_word' id='word_1_142' title='bbox 115 2003 137 2037; x_wconf 88' lang='grc' dir='ltr'><strong><em>ει</em></strong></span> <span class='ocrx_word' id='word_1_143' title='bbox 150 1983 196 2049; x_wconf 88' lang='grc' dir='ltr'><strong><em>τήν</em></strong></span> <span class='ocrx_word' id='word_1_144' title='bbox 205 1977 344 2055; x_wconf 76' lang='grc' dir='ltr'><strong><em>Ἀρικηνῶν</em></strong></span> <span class='ocrx_word' id='word_1_145' title='bbox 356 1978 462 2036; x_wconf 68' lang='grc' dir='ltr'><strong><em>πόλιν’</em></strong></span> <span class='ocrx_word' id='word_1_146' title='bbox 449 1980 599 2055; x_wconf 76' lang='grc' dir='ltr'><strong><em>υπσχείριον</em></strong></span> <span class='ocrx_word' id='word_1_147' title='bbox 611 1979 716 2051; x_wconf 73' lang='grc' dir='ltr'><strong><em>ἔλαβον,</em></strong></span> <span class='ocrx_word' id='word_1_148' title='bbox 731 1976 808 2038; x_wconf 80' lang='grc' dir='ltr'><strong><em>οὐδέν</em></strong></span> 
     </span>
     <span class='ocr_line' id='line_1_24' title="bbox 56 2055 809 2134; baseline -0.005 -12"><span class='ocrx_word' id='word_1_149' title='bbox 56 2066 91 2122; x_wconf 85' lang='grc' dir='ltr'><strong><em>άν</em></strong></span> <span class='ocrx_word' id='word_1_150' title='bbox 103 2055 137 2134; x_wconf 82' lang='grc' dir='ltr'><strong><em>ήν</em></strong></span> <span class='ocrx_word' id='word_1_151' title='bbox 149 2067 180 2120; x_wconf 87' lang='grc' dir='ltr'><strong><em>τό</em></strong></span> <span class='ocrx_word' id='word_1_152' title='bbox 194 2066 313 2123; x_wconf 80' lang='grc' dir='ltr'><strong><em>κωλῶσσν</em></strong></span> <span class='ocrx_word' id='word_1_153' title='bbox 326 2059 425 2129; x_wconf 81' lang='grc' dir='ltr'><strong><em>αάτοάς</em></strong></span> <span class='ocrx_word' id='word_1_154' title='bbox 448 2063 495 2120; x_wconf 84' lang='grc' dir='ltr'><strong><em>καὶ</em></strong></span> <span class='ocrx_word' id='word_1_155' title='bbox 510 2067 555 2126; x_wconf 82' lang='grc' dir='ltr'><strong><em>τάς</em></strong></span> <span class='ocrx_word' id='word_1_156' title='bbox 568 2059 650 2129; x_wconf 84' lang='grc' dir='ltr'><strong><em>άλλας</em></strong></span> <span class='ocrx_word' id='word_1_157' title='bbox 673 2064 809 2120; x_wconf 88' lang='grc' dir='ltr'><strong><em>καταδου-</em></strong></span> 
     </span>
     <span class='ocr_line' id='line_1_25' title="bbox 56 2136 809 2223; baseline -0.011 -16"><span class='ocrx_word' id='word_1_158' title='bbox 56 2150 201 2208; x_wconf 78' lang='grc' dir='ltr'><strong><em>λώσασθαι</em></strong></span> <span class='ocrx_word' id='word_1_159' title='bbox 220 2146 335 2214; x_wconf 83' lang='grc' dir='ltr'><strong><em>ἁπάσας.</em></strong></span> <span class='ocrx_word' id='word_1_160' title='bbox 358 2145 442 2223; x_wconf 81' lang='grc' dir='ltr'><strong><em>εἶμέν</em></strong></span> <span class='ocrx_word' id='word_1_161' title='bbox 456 2136 505 2204; x_wconf 78' lang='grc' dir='ltr'><strong><em>σόν</em></strong></span> <span class='ocrx_word' id='word_1_162' title='bbox 519 2148 700 2220; x_wconf 75' lang='grc' dir='ltr'><strong><em>βουλήσονται</em></strong></span> <span class='ocrx_word' id='word_1_163' title='bbox 722 2143 809 2202; x_wconf 78' lang='grc' dir='ltr'><strong><em>αὐτῶν</em></strong></span> 
     </span>
     <span class='ocr_line' id='line_1_26' title="bbox 57 2228 809 2307; baseline -0.008 -18"><span class='ocrx_word' id='word_1_164' title='bbox 57 2236 133 2298; x_wconf 86' lang='grc' dir='ltr'><strong><em>δίκας</em></strong></span> <span class='ocrx_word' id='word_1_165' title='bbox 144 2228 285 2307; x_wconf 68' lang='grc' dir='ltr'><strong><em>Ἀρικηνοῖς</em></strong></span> <span class='ocrx_word' id='word_1_166' title='bbox 298 2233 411 2304; x_wconf 73' lang='grc' dir='ltr'><strong><em>ὑπέχειν,</em></strong></span> <span class='ocrx_word' id='word_1_167' title='bbox 422 2232 465 2289; x_wconf 86' lang='grc' dir='ltr'><strong><em>ίπί</em></strong></span> <span class='ocrx_word' id='word_1_168' title='bbox 478 2233 508 2288; x_wconf 93' lang='grc' dir='ltr'><strong><em>τό</em></strong></span> <span class='ocrx_word' id='word_1_169' title='bbox 523 2234 613 2287; x_wconf 87' lang='grc' dir='ltr'><strong><em>κοινόν</em></strong></span> <span class='ocrx_word' id='word_1_170' title='bbox 625 2233 675 2286; x_wconf 89' lang='grc' dir='ltr'><strong><em>τῶν</em></strong></span> <span class='ocrx_word' id='word_1_171' title='bbox 687 2232 809 2287; x_wconf 87' lang='grc' dir='ltr'><strong><em>Λατίνων</em></strong></span> 
     </span>
     <span class='ocr_line' id='line_1_27' title="bbox 56 2313 809 2392; baseline -0.005 -18"><span class='ocrx_word' id='word_1_172' title='bbox 56 2317 218 2392; x_wconf 87' lang='grc' dir='ltr'><strong><em>άφικόμενοι</em></strong></span> <span class='ocrx_word' id='word_1_173' title='bbox 237 2317 415 2391; x_wconf 83' lang='grc' dir='ltr'><strong><em>δικαστήριον,</em></strong></span> <span class='ocrx_word' id='word_1_174' title='bbox 441 2316 485 2372; x_wconf 84' lang='grc' dir='ltr'><strong><em>καί</em></strong></span> <span class='ocrx_word' id='word_1_175' title='bbox 500 2317 596 2380; x_wconf 78' lang='grc' dir='ltr'><strong><em>ιίξουσι</em></strong></span> <span class='ocrx_word' id='word_1_176' title='bbox 610 2317 664 2375; x_wconf 78' lang='grc' dir='ltr'><strong><em>τοῖς</em></strong></span> <span class='ocrx_word' id='word_1_177' title='bbox 678 2313 730 2370; x_wconf 77' lang='grc' dir='ltr'><strong><em>ὑπὸ</em></strong></span> <span class='ocrx_word' id='word_1_178' title='bbox 744 2316 809 2370; x_wconf 86' lang='grc' dir='ltr'><strong><em>ποίν-</em></strong></span> 
     </span>
     <span class='ocr_line' id='line_1_28' title="bbox 57 2394 809 2471; baseline -0.007 -13"><span class='ocrx_word' id='word_1_179' title='bbox 57 2423 109 2459; x_wconf 87' lang='grc' dir='ltr'><strong><em>των</em></strong></span> <span class='ocrx_word' id='word_1_180' title='bbox 122 2402 371 2471; x_wconf 82' lang='grc' dir='ltr'><strong><em>δικασθησομένοις,</em></strong></span> <span class='ocrx_word' id='word_1_181' title='bbox 392 2396 469 2455; x_wconf 83' lang='grc' dir='ltr'><strong><em>οάδέν</em></strong></span> <span class='ocrx_word' id='word_1_182' title='bbox 484 2394 576 2463; x_wconf 81' lang='grc' dir='ltr'><strong><em>αάιοῖς</em></strong></span> <span class='ocrx_word' id='word_1_183' title='bbox 591 2396 693 2468; x_wconf 74' lang='grc' dir='ltr'><strong><em>ἔφασαν</em></strong></span> <span class='ocrx_word' id='word_1_184' title='bbox 708 2397 809 2466; x_wconf 78' lang='grc' dir='ltr'><strong><em>δεήσειν</em></strong></span> 
     </span>
     <span class='ocr_line' id='line_1_29' title="bbox 57 2477 808 2560; baseline -0.004 -20"><span class='ocrx_word' id='word_1_185' title='bbox 57 2488 189 2560; x_wconf 82' lang='grc' dir='ltr'><strong><em>πολέμου·</em></strong></span> <span class='ocrx_word' id='word_1_186' title='bbox 214 2483 237 2540; x_wconf 85' lang='grc' dir='ltr'><strong><em>εί</em></strong></span> <span class='ocrx_word' id='word_1_187' title='bbox 251 2485 279 2540; x_wconf 88' lang='grc' dir='ltr'><strong><em>δέ</em></strong></span> <span class='ocrx_word' id='word_1_188' title='bbox 292 2485 341 2552; x_wconf 88' lang='grc' dir='ltr'><strong><em>τήν</em></strong></span> <span class='ocrx_word' id='word_1_189' title='bbox 354 2483 464 2553; x_wconf 89' lang='grc' dir='ltr'><strong><em>συνήθη</em></strong></span> <span class='ocrx_word' id='word_1_190' title='bbox 476 2484 636 2556; x_wconf 81' lang='grc' dir='ltr'><strong><em>φυλάξαντες</em></strong></span> <span class='ocrx_word' id='word_1_191' title='bbox 648 2477 808 2546; x_wconf 81' lang='grc' dir='ltr'><strong><em>αὐθάδειαν,</em></strong></span> 
     </span>
     <span class='ocr_line' id='line_1_30' title="bbox 59 2565 810 2642; baseline -0.007 -16"><span class='ocrx_word' id='word_1_192' title='bbox 59 2566 138 2626; x_wconf 84' lang='grc' dir='ltr'><strong><em>ου’δὲν</em></strong></span> <span class='ocrx_word' id='word_1_193' title='bbox 157 2567 297 2634; x_wconf 80' lang='grc' dir='ltr'><strong><em>άξιίισοοσι</em></strong></span> <span class='ocrx_word' id='word_1_194' title='bbox 324 2569 500 2642; x_wconf 75' lang='grc' dir='ltr'><strong><em>συγχωρήσειν</em></strong></span> <span class='ocrx_word' id='word_1_195' title='bbox 522 2569 577 2634; x_wconf 80' lang='grc' dir='ltr'><strong><em>τοῖς</em></strong></span> <span class='ocrx_word' id='word_1_196' title='bbox 601 2568 738 2641; x_wconf 85' lang='grc' dir='ltr'><strong><em>συγγενέσι</em></strong></span> <span class='ocrx_word' id='word_1_197' title='bbox 761 2565 810 2621; x_wconf 87' lang='grc' dir='ltr'><strong><em>τῶν</em></strong></span> 
     </span>
    </p>
   </div>
   <div class='ocr_carea' id='block_1_3' title="bbox 0 0 950 2970">
    <p class='ocr_par' dir='ltr' id='par_1_3' title="bbox 0 0 950 2970">
     <span class='ocr_line' id='line_1_31' title="bbox 0 0 950 2970; baseline 0 1"><span class='ocrx_word' id='word_1_198' title='bbox 0 0 950 2970; x_wconf 95' lang='lat' dir='ltr'><strong><em> </em></strong></span> 
     </span>
    </p>
   </div>
  </div>
 </body>
</html>
