1890 2970
113 101 387 169 ANTIQVITATVM
400 99 540 169 Rom.
552 101 615 150 LIB.
626 99 671 148 VI.
719 105 767 157 351

57 207 137 264 ἄλλον
149 203 183 270 εἷς
196 202 263 263 αότό
276 207 464 276 καταστάντες,
478 203 496 275 ἢ
510 201 557 262 ἄττ’
570 203 671 281 ιλρετῆς,
685 205 769 259 ταῖτό

56 311 112 345 ιτιν.
139 284 157 346 ό
178 286 207 346 δ’
228 288 263 355 εἷς
281 293 311 346 τό
326 291 459 363 τιμᾶσθαί
469 312 496 346 τε
508 290 554 346 καὶ
568 285 656 364 όίρχειν
670 291 769 361 ἑτέρων,

56 375 197 430 υναστείαν
213 397 240 430 τε
257 377 454 449 περιβαλέσθαι
472 376 549 447 μείζω
568 371 584 440 ἢ
604 374 672 427 κατιί
686 373 733 441 τὴν
745 375 770 437 ἐξ

56 463 116 532 ρχῆς
128 460 247 528 δόιιησιν,
261 456 403 528 όκοίσατε,
417 460 462 514 καί
476 455 554 529 όπως,
579 457 625 512 εὀίν
643 478 669 511 τι
682 477 768 530 παρα·

56 546 123 616 ,νίψω
143 544 190 599 τόν
216 545 297 617 λόγον
323 542 369 607 ἒἙω
395 545 443 598 τοῖ
470 539 601 613 ἀληθοῦς,
626 536 771 614 ὥοπεριιαί

56 628 186 701 ξρηόμενος
211 622 301 701 εἷπον,
328 627 522 684 ἐναντιώσεσθέ
545 644 602 698 μοι.
629 623 693 696 ὑμῖν
718 625 771 696 μόρ

56 712 124 781 τειδη
138 713 169 767 τό
183 709 300 783 ἀσφαλὲς
314 716 359 782 τῆς
371 713 523 787 ἐλευθερίας
548 709 635 772 ἔδοξεν
648 703 717 765 εἶναι
728 709 771 779 βό·

56 800 119 852 ἀιον
127 837 135 866 ,
163 792 212 852 σόει
234 792 382 870 ολπὲχρησεν
395 795 439 853 ἐπὶ
452 795 538 868 τοδτῳ
550 794 645 867 μένειν,
659 787 713 851 ἄλλ’
729 790 772 847 ἐπί

55 883 68 936 ό
82 879 182 952 τολμᾷν
195 879 242 935 καί
260 884 460 956 νεωτεροποιεῖν
474 879 647 954 όρμίςσοιντες,
672 879 771 950 ἐχθρόν

55 959 69 1019 ι’
82 966 138 1032 ἴσης
152 960 225 1020 όταν
237 959 383 1038 ἡγεόμενοι
401 964 431 1018 τό
456 965 641 1036 περιεχόμενον
667 963 772 1016 ἐλευθε-

55 1050 99 1119 ἵας,
120 1047 165 1103 καί
186 1049 284 1123 μικροῦ
303 1048 358 1103 δεῖν
376 1048 443 1123 πρὸς
468 1043 591 1110 ἅπαντας
609 1043 771 1118 όνθρόιπους

58 1135 153 1203 όλεμον
167 1128 403 1200 ἂναδείξαντες,εἶς
417 1131 502 1187 ταῦτα
517 1133 551 1186 τοί
563 1128 770 1201 κινδυνείιματα,

55 1215 82 1271 αῖ
94 1215 156 1281 τούς
173 1213 240 1288 ὕπέρ
253 1218 298 1284 τῆς
310 1218 461 1280 πλεονεξίας
479 1215 577 1283 ταότης
595 1211 698 1288 οἶμῶνας
716 1216 770 1276 τοῖς

55 1301 169 1369 αετίροις
181 1294 268 1372 ᾤεσθε
282 1298 338 1354 δεῖν
350 1302 540 1374 καταχρῆσθαι
553 1299 682 1370 σώμασιν.
707 1292 770 1362 ὅσας

55 1371 143 1438 ἑνοόν
160 1385 249 1447 πόλεις
275 1384 343 1439 κατοί
367 1384 432 1455 μίαν
456 1381 502 1439 καί
528 1381 577 1437 δὺο
604 1380 769 1453 πολεμούσας

55 1470 101 1542 μῖν
116 1465 181 1542 ὑπὲρ
194 1468 240 1535 τῆς
251 1468 413 1542 ἐλευθερίας,
438 1470 485 1532 τός
501 1467 548 1538 μὲν
562 1469 590 1521 ίιι
605 1465 770 1536 παρατάξεως

55 1553 231 1627 ειροισοίμενσι,
246 1552 293 1615 τός
304 1550 332 1606 δὲ
345 1553 522 1624 τειχομαχίαις
535 1551 651 1618 ἑλόντες,
673 1547 771 1618 {mnud-

54 1656 82 1702 υς
94 1635 265 1708 ἐποιήσαμεν,
279 1637 321 1692 ἐῶ.
335 1635 362 1690 τί
374 1638 427 1710 μοίρ
446 1635 485 1690 δεῖ
498 1635 568 1690 κατοί
579 1633 675 1706 μικρόν
688 1633 771 1706 λέγειν

55 1721 206 1791 ίςπροίὲεις,
220 1717 351 1788 τοσαύτην
373 1718 480 1788 ἔχοντας
503 1719 592 1791 λόγων
614 1713 758 1788 ἀφθονίαν
765 1744 773 1778 ,·

57 1804 106 1859 λλιιί
134 1804 288 1878 Τυρρηνίαν
311 1799 422 1859 ἅπασαν
437 1800 473 1866 εἷς
487 1802 588 1858 δώδεκα
601 1801 774 1873 νενεμημένην

54 1889 182 1961 γεμονίας,
210 1908 255 1943 και
244 1887 353 1963 πολλῇ
365 1889 414 1959 μὲν
426 1885 459 1962 τῇ
483 1888 552 1942 τιατό
564 1888 625 1962 μῆν,
647 1883 733 1959 πολλῇ
746 1883 774 1938 δὲ

54 1972 71 2046 ᾗ
96 1972 165 2026 νατιί
189 1972 331 2028 θάλατταν
356 1972 499 2046 δυναστείᾳ
523 1970 773 2047 περιουσιάζουσαν,

54 2059 104 2120 ι’νες
130 2075 199 2125 ησαν
219 2053 247 2110 οἱ
260 2056 541 2129 συγκατακτησάμενοι
552 2054 598 2110 καί
616 2054 774 2123 ποιησαντες

56 2135 120 2210 ότηυ
146 2139 211 2211 ὑμῖν
238 2138 372 2210 ιἰπήιιοονς
410 2140 547 2211 Σαβίνους
584 2137 612 2193 δὲ
635 2134 772 2206 τουτουσί,

54 2227 117 2288 θνσς
130 2224 295 2298 τηλικουτον,
311 2220 350 2290 οἷς
364 2224 409 2279 διό
422 2223 552 2288 παντός’
510 2245 550 2278 ο
564 2220 624 2296 περὶ
638 2224 689 2279 τῶν
703 2242 773 2296 ιτρω·

54 2309 109 2363 εἰσιν
135 2306 239 2383 πρός“
226 2309 293 2380 υμιῖς
317 2297 351 2378 ην
376 2306 458 2382 αμών,
485 2310 552 2364 ποία
570 2327 698 2381 παρεσχεν
710 2304 773 2378 υμιν

54 2393 156 2497 ρήθεια
168 2392 259 2466 μηνίει
278 2393 485 2466 διαμιλλᾶσθαι
494 2390 555 2467 περί
572 2392 624 2447 τοῖν
641 2391 724 2457 ίσωνς
749 2392 774 2445 τί

54 2478 82 2545 ε’,·
108 2499 137 2534 αι
149 2496 200 2533 των
213 2477 339 2534 Λατίνων
351 2497 494 2551 τριακοντα
513 2477 608 2549 πόλεις,
635 2469 668 2531 οὗ
690 2476 773 2550 μόνον

54 2565 147 2638 εγὲθει
174 2564 349 2638 ἐπαιρομένας
373 2558 560 2635 δυνάμεως,ό
562 2561 610 2616 λλιί
624 2581 669 2617 ιιαι
659 2556 725 2616 ἐπί
738 2558 773 2626 τό
