1890 2970
181 114 604 181 ANTIQVITATVMROMAN.
621 119 738 170 τιατσ.
787 125 837 180 381

79 243 130 290 ,,σι
143 222 260 292 πόλεμον
274 219 354 284 όδούς
371 223 555 294 παρεχέτωσαν
570 220 712 294 ἀσφαλεῖς·
725 225 837 294 βοηθεί-

78 306 188 374 ,,τωσοίν
201 325 228 359 τε
242 305 298 368 τοῖς
317 308 522 378 πολεμουμένοις
535 305 629 380 ἆιιοίσῃ
650 307 768 380 δυνοίμει,
790 311 838 362 λα-

78 388 193 462 ,φόρων
206 408 233 443 τε
246 387 292 443 καί
304 391 373 452 λείας
387 392 432 458 τής
444 391 472 445 ίκ
485 393 537 446 τῶν
550 394 647 447 κοινῶν
672 393 793 464 πολέμων
806 395 836 447 τό

78 476 158 542 ,,ί’σον
172 474 374 546 λαγχανέτωσαν
390 476 469 548 μέρος
481 472 644 549 ἅμφότεροι·
667 478 746 531 τῶντ
744 469 837 530 ’ἰδιωι
874 541 878 548 Ι

78 560 179 625 ,,τικῶν
191 556 404 630 συμβολαίων
375 579 404 612 αι
418 558 515 663 κρίσεις
527 555 583 614 ἐν
568 562 678 634 ημέραις
689 561 834 633 γιγνέσθω

78 663 150 710 ,σαν
174 640 250 707 δέκα,
278 636 342 716 παρ’
369 633 407 706 οἷς
427 638 464 697 σὀν
482 645 592 718 γε’νηται
609 646 639 699 τό
659 645 835 716 συμβόλαιον.

78 729 158 800 ,μοῖς
171 725 199 780 δὲ
213 726 363 794 συνθήκαις
374 723 484 791 ταύταις
496 726 580 798 μηδὲν
592 730 684 792 ἐξέστω
705 731 834 802 προσθεῖ·

78 831 153 879 ,,ναι,
166 811 220 880 μήτ
218 804 381 880 'domist
363 805 410 865 απ’
426 805 522 876 οὔτῶν,
537 807 587 867 ὅτι
599 808 634 866 dv
645 814 682 884 μή
695 807 837 880 Ῥωμαίοις

77 913 126 964 ,,τι
140 891 187 950 καὶ
198 895 331 958 Λατίνοις
342 888 429 951 ἅπασι
448 892 545 968 δοκῇ.“
571 897 656 950 ταῦτα
669 897 717 969 μέν
731 894 763 965 δή
772 890 837 950 Ῥω·

76 979 196 1052 μαῖοίτι
223 977 269 1034 καῖ
293 981 411 1034 Λατῖνοι
435 982 589 1048 συνέθηκαν
608 981 674 1053 πρός
699 977 836 1047 ἀλλήλους,

79 1061 225 1134 ὀμόσαντες
241 1056 308 1117 καθ’
322 1060 419 1136 ,ἱερῶν
452 1064 606 1134 ἐψηφίσατο
629 1063 657 1119 δι’
676 1062 722 1119 καῖ
734 1065 836 1127 θυσίας

79 1146 232 1203 οῖποδοῒιναι
257 1149 314 1209 τοῖς
344 1149 420 1209 θεοῖς
444 1140 560 1216 ήβουλή
581 1149 773 1223 χαριστηρίους
792 1147 835 1203 ίπί

79 1234 137 1294 ταῖς
153 1231 222 1304 πρός
252 1229 299 1283 τόν
326 1226 411 1301 δῆμον
425 1227 586 1304 διαλλαγαῖς,
602 1235 757 1304 προσθεῖσα
769 1233 835 1302 μίαν

78 1312 180 1388 ἡμέραν
193 1314 250 1413 ταῖς
268 1313 443 1384 καλουμέναις
465 1315 628 1377 Λατίναιςὲ
630 1335 736 1388 ορταις,
757 1313 834 1370 δυσίν

81 1394 184 1462 οὔσαις
216 1396 265 1466 τήν
281 1396 330 1468 μὲν
360 1395 478 1495 πρώτην’
491 1393 683 1469 ἀνιερώσαντος
707 1399 835 1471 βασιλέως

81 1482 246 1558 Ταρκυνίου,
274 1473 377 1535 καθ’“
361 1499 393 1535 ον
415 1481 513 1552 γρόνον
525 1481 651 1549 ἐνίκησαν
666 1479 833 1585 Τυρρηνοός·

79 1561 173 1635 τήνδ’
200 1566 292 1640 ἑτέραν
318 1582 366 1619 του
393 1560 480 1636 δήμου
503 1561 719 1640 προσθέντος,
703 1585 747 1621 οτε
771 1567 835 1628 τούς

78 1653 195 1726 βασιλεῖς
219 1647 318 1722 ἐκβαλ
303 1667 339 1704 ων
362 1650 507 1724 ελεαθίραν
526 1649 575 1718 τήν
594 1651 672 1706 πόλιν
697 1648 834 1718 ἐποίησιν·

78 1727 148 1804 αίςή
175 1735 248 1808 τρίτη
275 1733 462 1809 προσενεμήθη
480 1733 527 1802 τής
546 1731 675 1790 καθόδου
692 1735 744 1788 τῶν
764 1730 833 1788 οῖντο·

79 1820 182 1876 στατῶν
201 1814 285 1873 ἕνεκα.
324 1817 373 1883 τήν
392 1815 421 1871 δὲ
439 1817 610 1892 προστασίαν
622 1816 668 1873 καί
679 1817 728 1886 τήν
740 1818 834 1889 ἐπιμί-

79 1906 153 1960 λειαν
177 1904 230 1957 τῶν
261 1904 289 1957 ίν
315 1895 410 1964 αιῖταίς
434 1904 579 1974 γινομένων
604 1903 711 1959 θυσιῶν
735 1922 763 1958 τε
788 1899 834 1958 καί

78 1984 203 2063 οῖγίινων,
229 1979 255 2041 ολ
280 1987 333 2041 τῶν
351 1983 491 2059 δημάρχων
515 1983 645 2062 ὑπηρέται
669 1987 832 2061 παρίλαβον,

79 2070 107 2128 σί
121 2071 170 2141 τήν
183 2070 231 2126 νῦν
257 2065 457 2145 οῖγορανσμικήν
476 2066 576 2139 ἔχοντες
588 2070 722 2137 ἐξουσίαν,
747 2065 834 2144 ὥσπερ

79 2155 167 2228 ἔφην,
187 2154 367 2225 κοσμηθέντες
384 2151 438 2209 ὕπὸ
458 2156 505 2223 τής
521 2155 622 2227 βουλῆς
641 2153 771 2231 πορφιίρρι
788 2151 834 2209 καὶ

79 2241 172 2315 θρόνῳ
190 2238 351 2312 ἐλεφαντίνῳ
375 2235 422 2293 καὶ
439 2241 495 2300 τοῖς
507 2234 597 2302 ἄλλοις
616 2239 770 2313 ἐπισήμοις,
794 2229 835 2301 οἷς

76 2317 150 2394 είγον
162 2322 189 2380 οί
207 2323 330 2396 βασιλεῖς.

141 2405 245 2468 xcvi.
274 2402 313 2462 Οιῖ
331 2405 417 2481 πολλῷ
442 2400 471 2462 δ’
497 2401 706 2483 ὕστερονχρόνρ
717 2408 832 2480 τήςλορ·

76 2497 129 2566 τῆς,
145 2494 197 2550 τοῖν
210 2490 345 2547 δσατικῶν
358 2483 401 2556 τίς,
416 2492 546 2556 Μενίνιος
556 2486 709 2568 Ἀγρίππας,
737 2490 832 2548 law·

77 2599 139 2649 τησε
152 2580 200 2634 τόν
213 2574 290 2651 βίον,
318 2574 334 2632 ό
353 2575 464 2645 νικήσας
488 2576 631 2650 Σαβίνους,
657 2575 702 2633 καί
726 2577 774 2635 τόν
785 2569 836 2630 σῖτ’
