1890 2970
146 120 198 176 190
263 111 422 164 DIONYSII
438 111 779 165 HALICARNASSENSIS

146 216 230 277 αδτόν
251 221 363 294 χρόνον,
391 216 421 274 σί
436 238 463 273 τε
478 216 567 283 ἱππεῖς
580 223 635 286 τοϊς
658 223 687 276 ἐκ
713 222 757 289 τῆς
786 216 906 290 Φιδήνης

144 307 239 374 λοχῶσι
257 304 453 378 περιτυχόντες,
480 305 622 380 τρέπουσιν
636 301 671 367 είς
683 304 788 377 φυγήν,
815 303 864 360 καὶ
877 303 904 360 σί

143 387 217 457 πεζοί
227 389 289 453 τούς
307 386 351 444 ἐπί
362 389 410 456 τήν
432 388 604 461 παρεμβολήν
628 390 703 458 σφῶν
716 386 903 461 ἀφικομένους

142 473 287 539 κτείνοντες
298 471 415 537 ἐδίωκον,
436 465 499 528 οὕτε
512 468 590 538 ὅπλα,
607 467 669 528 οὕτε
683 474 784 545 κόσμον
798 473 903 542 σώζον-

143 579 200 624 τας.
216 556 367 621 λνταίιταις
392 559 451 621 ταῖς
477 557 572 626 μάχαις
585 557 712 629 Σαβίνων
737 578 765 612 τε
791 555 837 613 καί
851 559 901 613 τῶν

142 641 289 717 συμμάχων
307 637 448 696 ἀπίθανον
472 641 520 712 μὲν
547 637 617 713 ἀμφὶ
642 640 704 706 τούς
727 634 843 717 μυρίους
857 641 901 698 καί

141 727 309 801 τρισχιλίους,
324 720 485 796 αἰχμάλωτοι
500 718 532 779 δ’
555 725 715 797 ἐλήφθησαν
729 729 901 799 τετρακισχί-

140 812 194 865 λιοι
219 807 265 864 καί
292 808 438 865 διακόσιοι·
462 808 509 865 καί
527 807 602 882 όμίν
626 811 712 884 χάραξ
737 805 902 885 αάθημερδν

141 894 216 952 ἑάλω.

176 1041 344 1094 Sabinis
363 1040 496 1091 οαεείε
512 1041 692 1093 Fidenae
711 1051 868 1109 captae.

209 1142 315 1203 XLIII.
333 1143 409 1202 Ἡδὲ
432 1145 532 1216 Φιδήνη
553 1148 768 1221 πολιορκηθεῖσα
784 1144 818 1201 σά
830 1151 900 1201 πολ-

141 1231 201 1293 λαίς
213 1224 327 1302 ήμίραις,
342 1225 407 1286 καθ’
422 1225 437 1285 ά
449 1231 567 1303 μάλιστα
582 1224 809 1295 δυσάλωτοςείναι
821 1231 903 1307 με’ρος

141 1313 236 1381 ἐδόκει,
262 1313 309 1370 καὶ
329 1309 373 1372 ὑπ’
402 1311 496 1387 ὀλίγων
523 1315 694 1386 ἐφυλάσσετο,
723 1315 794 1370 κατά
818 1315 901 1369 τοῦτο

141 1399 257 1470 ἐλήφθη.
272 1394 371 1469 οδμήν
397 1396 621 1475 ἀνδραποδισμοῦ
646 1394 702 1473 γ’ίή
726 1400 901 1470 κατασκαφῆς

140 1484 280 1557 ἐπειράθη,
307 1484 390 1554 φόνος
403 1479 426 1539 τ’
452 1480 605 1557 ἀνθρώπων
629 1479 663 1538 οὗ
690 1483 772 1547 πολδς
797 1482 900 1555 ἐγένετο

140 1569 207 1641 μετά
220 1567 268 1635 τήν
282 1561 396 1624 ἀλωσιν·
426 1564 571 1641 ἀποχρῶσα
583 1568 636 1642 γάρ
651 1568 736 1639 ἐφάνη
751 1567 830 1641 ζημία
844 1568 900 1628 τοῖς

140 1651 253 1715 δπάτοις
280 1654 378 1716 πόλεως
404 1651 556 1722 ὁμοεθνοῦς
585 1649 758 1727 ιίιμαρτοίισης
789 1647 898 1722 ἁρπαγή

137 1739 279 1811 χρημάτων
303 1755 329 1790 τε
343 1734 389 1792 καί
402 1733 587 1808 ἀνδραπόδων,
612 1737 658 1792 καί
672 1736 687 1792 ὁ
701 1738 751 1791 τῶν
765 1734 834 1790 κατά
849 1734 897 1802 τήν

137 1823 225 1894 μάχην
239 1816 411 1890 ἀπολομένων
428 1816 554 1894 ὄλεθρος·
580 1822 629 1875 τοῖν
650 1820 677 1876 δὲ
694 1820 732 1890 μή
752 1817 897 1893 προχείρως

138 1904 176 1960 ἔτι
189 1902 251 1967 τσίις
265 1903 411 1968 ἑαλωκότας
423 1901 468 1960 ἐπὶ
489 1904 523 1958 τά
539 1897 609 1959 ὅπλα
626 1907 760 1977 χωρῆσαι,
788 1903 897 1974 φυλακή

137 1986 302 2062 γενήσεσθαι
313 1988 414 2062 μετρία,
434 1985 479 2042 καί
491 1981 507 2055 ’I
521 1987 642 2058 συνήθης
650 1985 802 2060 Ῥωμαίοις,
816 1983 832 2057 ή
846 1988 900 2042 τῶν

137 2069 229 2127 αίείων
242 2072 288 2140 εής
313 2067 482 2135 ἀποστάσεως
506 2071 621 2136 κόλασις.
649 2073 857 2143 συγκαλέσαντες
869 2070 899 2127 δὲ

142 2153 295 2225 Φιδηναίων
308 2154 370 2220 τοὺς
384 2153 496 2220 άλόντας
515 2152 550 2218 είς
561 2157 608 2226 τήν
622 2153 733 2232 ἀγοράν,
749 2153 796 2211 καὶ
810 2156 899 2212 πολλά

136 2243 183 2310 τῆς
196 2237 291 2304 ἀνοίας
309 2233 398 2295 αδτῶν
422 2239 660 2312 κατηγορήσαντες,
688 2237 778 2306 ἀξίους
792 2233 814 2295 τ’
828 2231 900 2295 εἶναι

136 2326 270 2396 φήσαντες
294 2325 417 2387 ἅπαντας
430 2317 534 2394 ἡβηδόν
559 2320 730 2392 ἀπολωλέναι,
756 2323 900 2398 μήτεταῒς

134 2404 294 2482 εὐεργεσίαις
304 2408 383 2481 χάριν
397 2403 506 2475 εἰδότας,
525 2407 590 2479 μήτε
602 2412 658 2475 ταῖς
676 2412 769 2474 κακοῖς
782 2429 891 2484 σωφρσ·

135 2494 295 2563 νιζομὲνσυς,
311 2490 422 2566 ῥάβδοις
444 2487 612 2563 αἰκισάμενοι
635 2494 698 2558 τοὺς
719 2494 901 2565 ἐπιφανεστά-

132 2596 202 2648 τους,
219 2576 327 2637 πάντυν
342 2574 461 2657 δρώντων
475 2570 645 2635 ἀπέκτειναν·
667 2599 696 2635 το
702 2579 729 2643 ῦς
743 2576 771 2636 δὲ
784 2578 902 2637 λσιποδῖ

49 2700 124 2792 Ι
