1890 2970
110 130 161 184 338
228 119 741 175 DION'YSIIHALICARNASSENSIS

111 248 190 304 ρους·
218 228 291 297 έτυηε
304 229 333 285 δι’
347 229 406 284 τότε
417 229 567 303 μαχόμενος
580 227 625 284 ἐπὶ
637 229 687 283 τοῦ
701 227 786 289 δεξιοῦ
794 231 870 305 κέρα·

112 332 173 379 τος·
195 316 243 378 τάς
254 314 399 388 κρατίστας
411 315 463 368 τῶν
488 311 590 370 ἶππέων
615 314 673 378 ι’λας
698 315 868 389 ἐπιστρέψας,

113 399 159 456 καλ
172 400 223 454 τῶν
236 400 319 466 πεζῶν
332 399 393 462 τούς
413 395 612 470 ἀκμαιοτάτους
637 397 795 472 ἀναλαβὼν,
822 390 870 474 ἦγε

113 486 181 542 κατά
190 485 281 541 νώτου
294 488 339 554 τῆς
351 483 450 540 ἑαυτοῦ
464 484 598 554 στρατιάς,
626 483 672 538 καλ
698 486 871 559 παραλλάξας

112 575 143 628 τό
151 568 291 646 άριστερὸν
305 573 381 644 κέρας
394 562 506 636 ἤλαυνεν
519 566 556 622 ἔτι
569 567 727 644 προσωτέρω
747 572 793 638 τῆς
818 573 871 642 φά-

112 658 218 730 λαγγος.
245 654 334 710 ἔπειτα
347 654 509 725 ἐπιστρέψας
521 651 566 708 ἐπὶ
582 651 655 726 δόρυ,
671 653 717 709 καλ
728 656 762 708 τά
776 656 871 731 κέντρα

112 738 272 813 προσβαλὼν
300 741 356 803 τοῖς
368 736 460 802 ἰ’πποις
473 736 508 803 εἷς
522 737 654 811 πλαγίους
667 739 795 812 ἐμβάλλει
808 740 870 804 τούς

112 827 163 880 τῶν
178 823 323 896 Τυρρηνῶν
342 825 449 893 λόγους·
476 813 553 879 οὗτοι
578 824 631 898 γάρ
650 821 695 878 ἐπὶ
713 826 763 880 τοῦ
784 823 869 886 δεξιοῦ

111 911 162 964 τῶν
180 907 313 979 πολεμίων
336 909 484 980 μαχόμενοι
508 908 617 980 κέρατος
643 909 789 981 ἐτρέψαντο
809 909 870 973 τούς

111 987 178 1049 καθ’
192 993 320 1056 ἑαυτοὺς·
344 992 482 1064 ἐπιφανεὶς
502 988 525 1046 δ’
546 988 637 1058 αὐτοῖς
662 989 869 1070 ἀπροσδοκήτως

111 1078 212 1146 πολλὴν
223 1077 344 1147 ἔκπληξιν
357 1076 403 1133 καὶ
416 1078 533 1151 ταραχὴν
546 1080 688 1151 παρέσχεν
716 1082 744 1134 έν
759 1077 788 1134 δέ
802 1077 867 1133 τοὺ-

111 1184 145 1234 τῳ
158 1160 204 1218 καλ
217 1157 233 1231 ἦ
245 1164 306 1231 πεζή
327 1164 379 1218 τῶν
396 1158 532 1235 Ῥωμαὶων
552 1162 663 1234 δόναμις
688 1159 868 1236 ἀναλαβοῦσα

110 1249 208 1316 ἓαυτην
231 1251 261 1303 έκ
278 1249 328 1303 τοῦ
342 1249 476 1322 προτέρου
491 1249 613 1318 δεέματος
626 1244 662 1311 εἷς
674 1251 704 1303 τό
719 1245 868 1303 άντίπαλον

110 1333 212 1407 ἐχώρει·
238 1331 284 1387 καὶ
295 1335 362 1403 μεταλ
376 1336 456 1389 τοῦτο
472 1335 555 1402 φόνος
568 1354 595 1388 τε
608 1332 692 1394 πολύς
710 1334 762 1388 τῶν
792 1334 866 1408 Τυρ-

110 1419 194 1489 ρηνῶν
208 1418 318 1490 ἐγένετο,
334 1415 380 1472 καὶ
393 1420 480 1489 τροπὴ
495 1419 543 1473 τοῦ
562 1416 648 1481 δεξιοῦ
666 1418 775 1488 κέρατος
801 1437 867 1473 που·

110 1502 190 1570 τελής,
221 1503 369 1578 Ταρκύνιος
383 1501 410 1556 δέ
424 1506 479 1568 τοῖς
492 1499 604 1576 ἡγεμόσι
623 1504 674 1557 τῶν
693 1504 775 1568 πεζῶν
802 1500 868 1558 οἷκο-

109 1589 221 1643 λουθεῖν
234 1586 358 1651 κελεέσας
371 1590 398 1642 έν
412 1588 510 1662 κόσμῳ,
537 1586 581 1642 καλ
594 1585 689 1658 βάδην,
718 1583 799 1653 αὐτὸς
822 1587 867 1644 en}

110 1674 140 1727 τό
154 1673 337 1746 στρατόπεδον
350 1672 439 1746 ἐχώρει
452 1675 503 1727 τῶν
517 1672 656 1749 πολεμίων,
672 1669 790 1726 έλαέινων
804 1674 867 1738 τοὺς

109 1756 208 1821 ἵππους
222 1755 274 1813 άνά
292 1758 400 1830 κράτος.
426 1759 538 1828 φθάσας
551 1756 580 1811 δέ
591 1757 654 1819 τοὺς
665 1759 694 1812 έκ
708 1759 753 1826 τῆς
767 1760 867 1833 τροπῆς

110 1839 342 1913 άνασωζομένους,
370 1844 499 1916 ἐγκρατὴς
511 1845 611 1916 γένεται
625 1843 675 1896 τοῦ
687 1840 806 1915 χάρακος
819 1837 864 1897 εὔ-

110 1927 195 1990 θδςέξ
205 1918 316 1997 έφόδου.
332 1925 359 1981 οἳ
371 1929 424 2001 γάρ
439 1930 466 1981 έν
479 1922 551 2000 αὐτῷ
563 1928 790 2005 καταλειφθέντες
803 1923 864 1982 οὔτε

109 2011 157 2081 τὴν
169 2012 357 2080 κατασχοῦσαν
365 2012 576 2087 συμφοράντοδς
583 2012 726 2084 σφετέρους
732 2032 863 2085 προεγνω-

109 2098 188 2160 κότες,
217 2091 279 2152 οὕτε
306 2096 367 2164 τοὺς
393 2099 554 2171 προσιόντας
573 2093 662 2160 ἱππεῖς
673 2097 804 2172 γνωρίσαι
818 2097 863 2151 διά

109 2184 138 2236 τό
153 2168 291 2252 αἰφνίδιον
304 2186 351 2251 τῆς
364 2181 464 2254 ἐφόδου
477 2181 643 2248 δυνηθέντες,
659 2182 753 2237 εἴασαν
767 2177 864 2245 αὐτοὺς

109 2269 261 2341 παρελθεῖν.
286 2264 402 2334 ἆλοέισης
415 2266 443 2321 δέ
455 2268 500 2335 τῆς
518 2269 689 2338 παρασκευῆς
708 2269 759 2321 τῶν
780 2269 864 2323 Λαιλ-

110 2370 168 2417 νων,
183 2349 210 2406 οἱ
222 2353 270 2422 μέν
284 2347 482 2425 άναχωρσῖιντες
493 2354 522 2405 έκ
536 2354 580 2419 τῆς
593 2355 693 2423 τροπῆς
704 2349 739 2415 εἷς
754 2348 862 2423 άσφαλῆ

109 2437 274 2508 καταφυγήν,
290 2434 344 2490 ὑπό
356 2437 407 2490 τῶν
426 2436 631 2508 καταλαβόντων
652 2431 737 2504 αδτήν
762 2436 862 2494 ἱππέων

101 2517 275 2578 ιῖπώλλυντο·
303 2519 330 2576 οἶ
344 2514 367 2576 δ’
381 2523 410 2575 έκ
424 2521 471 2575 τοῦ
486 2520 670 2594 στρατοπέδου
683 2521 791 2596 φεόγειν
812 2523 861 2595 όρ-
909 2557 912 2563 2

83 2603 227 2673 νοήσαντες
238 2604 278 2676 εἶς
292 2608 323 2666 τό
337 2607 445 2672 πεδίον.
453 2606 508 2667 ὑπὸ
520 2602 867 2680 τῆςῬωράὶκῆςφόλαηηος
