1890 2970
103 146 154 208 202
239 132 399 186 momsn
416 130 758 185 σλιιολπαλεσταειε

103 245 156 300 τῶν
169 241 290 315 νομίμων
303 232 371 296 εἶναι
384 242 537 306 Λακωνικά,
550 241 670 313 μάλιστα
685 239 713 295 δὲ
733 240 763 297 τό
786 243 868 312 φιλο-

104 327 221 400 πόλεμόν
233 346 261 381 το
273 325 320 381 καὶ
331 326 363 381 τό
376 324 548 392 λιτοδίαιτον,
576 322 622 381 καί
642 325 674 380 τό
693 326 768 402 παρά
782 326 870 382 πάντα

104 415 138 469 τά
153 410 219 488 ἔργα
231 413 280 467 τοῦ
293 410 359 483 βίου
372 413 495 484 σκληρόν.
525 409 591 486 ὑπὲρ
604 410 653 482 μὲν
668 409 700 478 όή
714 411 764 465 τοῦ
783 411 868 484 Σαβί-

105 517 157 554 νων
168 498 263 571 χίνους
274 490 358 551 ταῦθ’
374 492 462 550 ἶκανά.

167 577 200 637 L.
232 578 267 635 02
282 579 310 634 άὲ
321 578 381 655 περὶ
393 574 584 651 τόνῬωμιίλον
597 579 644 636 καί
662 580 761 634 Τάτιον
775 579 823 648 τήν
841 600 869 635 τε

104 670 182 723 πόλιν
195 661 281 729 εὗθύς
299 664 412 720 ἐποίουν
427 665 550 738 μείζονα,
578 665 742 739 προσθέντες
766 667 870 741 ἑτέρους

106 748 175 825 αὐτῇ
188 749 238 805 όίισ
250 751 358 820 λόφους,
374 750 422 803 τόν
435 770 462 804 τε
474 749 607 824 Κυρίνιον
619 750 756 818 κληθέντα
769 749 869 805 καλιάν

107 836 236 891 Καίλιον·
262 831 308 889 καί
323 832 469 906 διελόμενοι
483 834 531 898 τάς
550 830 663 904 οἰκήσεις
681 832 763 908 χωρίς
783 831 866 903 άλλή·

102 923 162 985 λων,
178 919 283 974 δίαιταν
295 921 324 974 ἒν
336 921 392 981 τοῖς
404 915 482 982 ἲόίοις
495 919 615 992 ἑκάτεροι
624 920 732 993 χωρίοις
743 919 868 975 ἐποιοῦν-

103 1027 141 1060 το.
159 1001 290 1074 Ῥωμύλος
301 1002 351 1076 μὲν
364 1004 394 1058 τό
407 1005 549 1058 Παλάτιον
562 1003 682 1072 κατέχων,
698 1001 745 1059 καί
757 1005 786 1058 τό
798 1003 867 1059 Καί·

103 1086 248 1162 λιονόρος·
274 1086 372 1143 ἔστιδὲ
390 1088 426 1161 τῷ
445 1089 575 1161 Παλατίῳ
601 1090 740 1162 προσεχές·
770 1090 868 1152 Ίάτιος

105 1173 132 1230 άέ
145 1175 175 1229 τό
189 1171 370 1239 Καπιτώλιον,
386 1167 452 1246 ὅπερ
465 1175 494 1236 ἐξ
505 1169 586 1248 άρχῆς
604 1173 719 1242 κατίσχι,
747 1170 794 1227 καί
820 1175 868 1228 τόν

103 1257 236 1334 Κυρίνιον
255 1255 352 1325 ὄχθον.
384 1257 415 1311 τό
430 1253 454 1311 θ’
470 1256 644 1327 ὖποκείμτνον
657 1256 693 1330 τῷ
706 1259 867 1328 Καπιτωλίῳ

104 1342 206 1410 πεδίον,
221 1343 383 1416 ἐκκόψαντες
403 1343 450 1409 τήν
468 1346 496 1397 ἐν
513 1337 587 1414 αότῷ
611 1343 766 1412 πεφυκυΐαν
791 1336 865 1410 ὕλην,

102 1427 150 1482 καί
173 1431 218 1493 τῆς
236 1429 334 1496 λίμνης,
356 1447 372 1494 η
358 1419 424 1494 “dri
438 1425 484 1483 όιά
497 1427 528 1481 τό
542 1420 670 1484 κοῖλον
645 1446 712 1481 τιναι
726 1428 757 1481 τό
768 1425 866 1501 χωρίον

102 1512 238 1581 ἐπλήθυνε
250 1514 307 1576 τοῖς
324 1529 466 1567 νατιουσιν
484 1514 513 1566 όν
536 1512 588 1566 τῶν
608 1506 677 1585 δρῶν
700 1511 809 1582 νάμασι,
834 1511 867 1566 τά

104 1597 188 1652 πολλά
205 1596 342 1664 χώσαντες,
364 1591 468 1668 άγοράν
485 1590 590 1651 αάτόθι
614 1594 822 1664 κατεστήσαντο,
848 1582 866 1669 ᾖ

103 1681 149 1736 καὶ
162 1684 211 1736 νῦν
224 1701 263 1736 ττι
273 1680 404 1750 χρώμενοι
413 1675 712 1753 Ῥωμαίοιάιατελοίισι·
748 1680 793 1735 καὶ
819 1680 867 1744 τάς

104 1765 237 1828 συνόδους
250 1768 372 1820 ἐνταῦθα
385 1767 537 1833 ἐποιοῦντο,
544 1767 572 1820 ἐν
558 1761 867 1839 νἨφαίστουχρηματί·

105 1847 213 1914 ζοντεςε
203 1848 271 1923 ιερῷ,
285 1850 381 1952 μικρὸν
394 1843 635 1920 ίιτανεστηκότι”
603 1870 649 1920 της
662 1846 772 1924 άγοράς.
807 1848 865 1922 ἱερά

104 1954 131 1988 τε
145 1931 288 2039 ίόρίσαντρ
303 1954 348 1988 και
339 1931 469 2006 βωμοός
487 1936 660 2008 καθιέρωσαν
686 1928 725 1998 οἷς
749 1928 862 2002 ήυξαντο

104 2020 173 2073 κατά
186 2018 234 2082 τάς
245 2019 331 2090 μάχας
344 2020 435 2083 θεοῖς·
450 2014 627 2091 ςῬωμάλος
594 2041 651 2092 μιν,
664 2013 806 2094 Ὀρθωσίῳ
819 2018 867 2073 Aa

103 2103 178 2178 παρά
191 2104 248 2166 ταῖς
262 2104 436 2175 καλουμέναις
448 2107 594 2160 Μυκωνίσι
607 2102 711 2168 πάλαις,
727 2099 757 2156 οἳ
768 2103 866 2178 φέρου-

103 2208 147 2244 σιν
160 2185 195 2255 εἲς
209 2190 238 2243 τό
253 2188 394 2243 Παλάτιον
409 2190 437 2242 ἐκ
451 2190 497 2258 τής
509 2188 583 2262 ἱεράς
597 2186 672 2252 όόοῖι,
681 2182 867 2262 ότιτήνστρα-

103 2275 164 2330 τιάν
178 2268 263 2328 αὗτοίι
275 2273 420 2346 φυγοῦσαν
433 2273 542 2342 ἐποίησε
555 2273 620 2337 θεός
635 2270 788 2328 ίιττακοῖιααι
807 2274 866 2337 ταῖς

102 2353 197 2428 εὐχαῖς,
213 2358 309 2427 οτήναί
321 2377 348 2411 τε
362 2353 407 2412 καὶ
421 2357 487 2431 πρός
506 2353 589 2426 άλκήν
612 2357 774 2430 τραπέσθαι.
806 2357 865 2412 Τά-

101 2463 157 2505 τιος
176 2442 218 2508 άί,
243 2437 308 2515 ήλίῳ
326 2462 354 2496 ττ
373 2462 417 2496 και
408 2440 539 2516 σελήνῃ,
554 2463 600 2496 και
590 2439 718 2517 Κρόνω,
733 2463 780 2497 και
788 2435 864 2519 Ῥέᾳ·

101 2526 167 2596 πρός
180 2524 208 2580 δι’
221 2524 332 2590 τοότοις,
345 2520 446 2600 Εστίᾳ,
462 2522 507 2580 καὶ
518 2520 670 2627 Ηφαίστω,
696 2524 741 2581 καί
752 2519 866 2603 Ἀρτίμι-

82 2603 117 2671 τίν,
134 2603 210 2662 καί’
198 2611 336 2688 Πνυαλίοι,
354 2635 402 2672 και
392 2581 508 2681 άλλοις
521 2613 600 2680 θεοῖς
619 2595 655 2668 όον
676 2611 792 2680 χαλεπόν
805 2612 874 2670 ἑξετ-
