1890 2970
144 125 194 178 132
271 115 433 168 DIONst
452 111 791 166 HALICARNASSENSIS

142 219 251 286 Ἰούνιος
264 223 396 298 Βροῦτος,
411 219 457 276 καὶ
475 218 590 285 Αείικιος
606 219 752 296 Ταρκίνιος
766 223 902 278 Κολλατῖ-

144 328 197 375 νος,
212 301 258 373 οὓς
270 307 383 363 καλοῦσι
403 300 531 375 Ῥωμαῖοι
550 305 618 359 κατά
630 305 677 373 τήν
698 307 799 360 ἑαυτῶν
813 305 902 361 διάλε-

145 413 215 462 κτον,
224 387 392 466 ὥσπερέφην,
401 387 578 462 προβούλους,
587 390 903 465 ἐτέρουςιταραλαβόντες

146 476 258 539 πολλοὺς
272 476 402 538 ἐλθόντας
413 469 448 535 εἷς
458 474 506 542 τήν
519 473 598 528 ιτόλιν
611 474 663 527 τῶν
681 473 726 528 ἐπὶ
749 477 903 548 στρατοπέ-

146 561 203 626 όου,
217 560 285 632 μετά
297 559 344 621 τάς
356 555 473 621 σπονόάς
492 556 539 620 τάς
556 559 699 629 γενομένας
717 551 810 622 αάτοίς
833 561 901 632 πρὸς

143 639 284 718 Ἀρδεάτας,
300 639 401 715 ὀλίγαις
413 636 524 714 ἡμέραις
536 634 648 714 ὕστερον
662 644 706 710 τῆς
726 642 838 712 ἐκβολῆς
851 646 900 698 τοῦ

145 729 287 802 τυράννου,
312 727 519 798 συγκαλέσαντες
536 744 563 778 τε
575 725 622 780 τόν
642 723 728 796 δῆμον
742 722 778 788 εἰς
791 729 840 795 τὴν
853 729 899 782 ἐκ-

146 811 265 880 κλησίαν,
292 807 336 865 καί
361 805 500 873 πολλοὺς
488 809 554 882 υπέρ
567 807 695 878 ὁμονοίας
711 811 808 884 λόγους
820 831 903 880 ποιη-

146 898 262 964 οοίαενοι,
282 895 436 998 ιρηφίσματι
448 892 529 948 πάλιν
542 891 710 966 ἐπεκύρωσαν
729 896 820 968 ἑτέρῳ,
842 894 903 969 περὶ

146 998 181 1033 ων
196 976 223 1032 σί
234 979 302 1033 κατά
323 976 433 1035 πόλιν”
417 995 489 1040 οντες
501 977 631 1052 πρότερον
643 979 820 1082 ἐψηφίσαντο,
844 999 903 1051 φυ·

144 1064 195 1136 γῆν
211 1063 373 1136 Ταρκυνίοις
385 1062 555 1145 ἐπιβαλόντες
568 1057 667 1116 άίᾛόιον
695 1060 739 1117 καί
752 1065 818 1134 μετά
835 1065 902 1117 τοῖι-

145 1167 176 1200 το
191 1141 393 1220 καθαρμοός”
362 1167 408 1215 της
421 1147 520 1210 πόλεως
537 1145 722 1217 ποιησάμενοι,
750 1143 797 1200 καί
822 1140 902 1251 ὅρκια

146 1232 277 1330 ρεμόντες,
292 1225 371 1286 αὐτοί
384 1251 410 1286 τε
423 1231 525 1305 πρῶτοι
538 1230 645 1293 στάντες
657 1229 702 1284 ἐπὶ
722 1231 773 1284 τῶν
792 1232 902 1302 τομίων,

147 1310 264 1388 ὤμοσαν,
278 1336 322 1369 και
336 1313 399 1378 τούς
421 1309 517 1377 ἄλλους
531 1311 679 1378 πολίτας”
664 1332 772 1368 επεισαν
792 1310 901 1384 όμόσαι,

147 1399 182 1467 νὴ
195 1400 317 1462 κατάξειν
330 1396 384 1454 άπὸ
395 1400 439 1467 τῆς
451 1399 537 1471 φυγῆς
549 1398 661 1468 βασιλέα
677 1395 839 1471 Ταρκύνιον,
852 1399 903 1471 μή·

147 1504 173 1537 τε
187 1482 249 1547 τούς
261 1482 361 1546 παίόας
380 1476 474 1547 αὐτοῦ,
494 1480 559 1551 μήτε
576 1479 639 1545 τοὺς
658 1483 685 1543 ἐξ
701 1483 807 1536 ἐκείνων
825 1503 903 1556 γενη-

146 1568 288 1637 σομένους·
311 1566 423 1638 βασιλέα
437 1584 465 1619 τε
478 1566 523 1632 τῆς
537 1557 674 1633 Ῥωμαίων
695 1567 792 1630 πόλεως
809 1569 903 1636 μηκέτι

147 1651 322 1718 καταστήσειν
335 1647 444 1719 μηδένα,
466 1647 531 1719 μήτε
545 1650 599 1712 τοῖς
612 1650 789 1704 καθιστάνειν
802 1652 904 1722 βουλο-

145 1736 234 1803 μένοις
246 1735 403 1809 ἐπιτρέψειν.
430 1731 515 1788 ταῦτα
539 1731 588 1804 μέν
610 1731 670 1807 περὶ
681 1734 783 1787 ἑαυτῶν
807 1755 837 1790 τε
859 1734 906 1790 καὶ

146 1820 196 1871 τῶν
209 1819 305 1872 τέκνων
318 1816 365 1870 καί
378 1816 425 1869 τοῦ
444 1810 508 1886 μεθ’
535 1816 645 1880 ἑαυτοὺς
669 1818 764 1889 γένους
782 1812 904 1889 ε’ίμοσαν.

145 1897 235 1965 ἐπειδὴ
250 1900 278 1954 δέ
291 1899 393 1954 πολλῶν
407 1898 451 1955 καί
463 1900 583 1973 μεγάλων
601 1896 715 1974 άγαθῶν
729 1903 813 1958 αἴτιοι
822 1906 907 1977 γενό-

145 2002 222 2054 μενοι
247 1985 302 2048 τοῖς
327 1986 428 2048 κοινοῖς
445 1985 600 2058 πράγμασιν
626 1982 718 2046 έόοξαν
733 1983 759 2041 οί
772 1987 905 2057 βασιλεῖς,

212 2068 218 2086 ι
340 2062 351 2083 ΙΙ
680 2069 685 2085 ι

145 2152 211 2225 μένῃ
231 2153 336 2225 χρόνον,
361 2154 528 2225 βουλόμενοι,
554 2151 617 2215 τοός
639 2150 802 2225 ἱεροφάντας
813 2175 842 2209 τε
856 2157 907 2213 καὶ

147 2232 330 2308 οἰωνομάντεις
343 2237 480 2294 ἐκέλευσαν
493 2232 631 2298 άποόεῖξαι
649 2236 696 2290 τόν
714 2235 908 2308 ἐπιτηδειότα-

145 2340 192 2374 τον
204 2322 254 2375 τῶν
267 2321 465 2396 πρεσβυτέρων,
493 2313 637 2384 ὃςοῧόενός
649 2315 757 2392 ἤμελλεν
771 2319 836 2386 ἓἙειν
850 2328 910 2380 ἑτέ-

145 2424 203 2476 ρου,
219 2406 286 2474 πλὴν
300 2405 351 2459 τῶν
365 2403 426 2477 περὶ
437 2404 471 2458 τά
483 2407 550 2458 θεία
563 2404 752 2476 σεβασμάτων,
773 2409 821 2475 τήν
836 2429 910 2483 προ-

145 2491 266 2554 στασίαν,
288 2487 392 2558 άπάσης
406 2490 570 2561 λειτουργίας
588 2491 729 2558 πολεμικῆς
743 2485 907 2560 άφειμένος,

142 2569 218 2649 ἱερῶν
230 2571 391 2645 καλούμενος
404 2572 533 2639 βασιλεὺς.
560 2571 605 2629 καὶ
618 2572 783 2629 καθίσταται
799 2578 908 2649 πρῶτος
