1890 2970
170 107 445 177 εατεουιτιτυεε
463 109 597 162 Rom.
615 111 678 161 τιτι.
697 113 741 160 1v.
800 117 835 172 ar,

84 234 131 287 της
141 215 287 284 ἐξελήλυθε,
301 213 347 270 καί
360 214 437 271 δυσίν
451 211 487 281 εἷς
498 217 547 284 τήν
555 212 691 287 Ῥωμαίων
710 215 835 289 στρατεί-

84 305 165 370 ςιασιν
179 300 335 372 ἐμβαλοῦσα
347 301 465 368 λεηλατεῖ
478 299 540 364 τούς
552 297 658 370 άγροδς,
673 295 744 370 ήμίν
753 295 835 372 Ἦρή-

84 403 134 440 του
146 383 258 452 πλησίον
270 385 369 456 θεμένη
383 383 431 438 τάν
440 385 555 459 χείρονα,
568 379 584 450 ή
599 383 627 437 δὲ
640 382 700 456 περί
710 381 836 451 Φιδήνην·

83 467 130 522 καί
142 464 164 522 εί
172 469 208 539 μή
222 487 260 530 τις
274 463 364 532 αδτοῖς
378 466 489 538 δύναμις
502 467 743 534 ἐναντιωθήσεται,
763 467 835 521 τεάν·

83 571 117 606 τα
131 548 268 621 οἰχήσεται
278 548 361 607 τάκεῖ.
387 549 420 616 ὥς
434 549 463 606 δί
473 546 547 606 ταῦτ’
566 544 689 618 ήκσυσεν,
703 554 730 606 ἐν
741 550 790 623 μίν
803 548 837 622 τῇ

89 637 211 708 Σουέσση
228 634 322 709 ’βραχὺ
348 654 373 688 τι
385 635 537 691 καταλείπει
549 635 627 708 με’ρος
645 637 691 703 τής
703 633 835 708 στρατιάς,

85 720 118 773 τά
135 738 162 772 τι
175 720 282 791 λάφυρα
294 717 341 774 καί
352 719 401 784 τήν
415 717 569 787 άποσκευήν
588 719 731 789 φυλάττειν
749 738 837 790 παρα-

85 804 286 875 κελευσάμενος·
298 801 346 868 τήν
365 800 393 858 δι’
406 797 490 872 άλλην
510 802 623 875 δίναμιν
641 795 752 868 εὔζωνον
771 799 837 857 άνα-

82 886 181 957 λαβὼν,
196 875 258 960 ήγεν
270 886 315 942 ἐπὶ
326 885 389 949 τούς
406 887 474 959 πρδς
496 885 599 960 Ἠρήτῳ
625 904 835 958 κατεστρατοπε-

84 971 219 1036 δευκότας,
235 968 280 1024 καί
292 972 400 1026 τίθεται
415 972 520 1045 χάρακα
541 971 678 1044 μετέωρον,
697 965 787 1042 ὀλίγον
805 969 836 1024 τά

82 1055 285 1129 μεταξάχαρίον
303 1052 462 1110 καταλιπών.
489 1051 568 1118 δόξαν
592 1073 620 1108 τε
645 1056 700 1130 τοῖς
724 1049 836 1124 ἡγεμόσι

83 1140 135 1193 τῶν
149 1139 275 1210 Σαβίνων
287 1139 373 1211 μάχην
387 1135 472 1194 ἕωθεν
488 1137 631 1208 τίθεσθαι,
660 1155 835 1209 μετάπεμψαι·

84 1223 180 1292 μένους
205 1223 236 1276 τὰ
249 1225 276 1275 ἐν
294 1220 396 1294 Φιδήνῃ
415 1221 578 1294 στράτευμα,
603 1219 703 1294 μαθὼν
716 1221 764 1288 τήν
779 1219 836 1275 διά-

83 1323 161 1360 νοιαν
176 1300 263 1360 αὐτῶν
277 1304 292 1359 ὅ
309 1303 470 1378 Ταρκύνιος·
489 1305 556 1360 ἑάλω
567 1304 624 1379 γάρ’
634 1303 650 1360 δ
662 1305 695 1360 τά
708 1306 836 1378 γράμμα-

84 1409 117 1444 τα
131 1388 243 1460 κομίζον
253 1388 328 1461 παρά
341 1390 392 1443 τῶν
404 1383 523 1444 αὐτόθεν
535 1383 671 1460 ήγιμάνων
689 1389 755 1463 πρὸς
774 1387 837 1452 τούς

82 1476 150 1528 ἐκεῖ·
177 1471 262 1545 σοφίᾳ
286 1473 353 1544 πρὸς
365 1473 395 1527 τδ
410 1473 516 1545 συμβάν
530 1468 585 1528 άπδ
603 1471 683 1540 τάγης
706 1471 835 1548 ἐχρήσατο

84 1555 185 1628 τοιᾷδε.
213 1557 302 1628 νείμας
314 1557 362 1622 τήν
377 1554 490 1628 δύναμιν
517 1554 590 1630 διχῇ,
612 1557 661 1623 τήν
683 1557 732 1627 μὲν
745 1557 836 1629 ἑτέραν

85 1639 139 1696 ὑπὸ
155 1637 237 1694 νύκτα
254 1641 359 1709 πέμπει,
384 1639 478 1695 λαθὼν
490 1640 552 1705 τούς
564 1640 715 1710 πολεμίους,
729 1638 774 1694 ίπί
787 1640 835 1706 τήν

85 1724 221 1797 φέρουσαν
235 1719 290 1778 άπὸ
308 1721 424 1792 Φιδήνης
441 1722 520 1778 ὁδόν·
547 1724 596 1791 τήν
615 1718 645 1777 δ’
658 1724 764 1797 ίτίραν,
777 1718 834 1795 άμα

83 1806 121 1881 τῷ
134 1809 258 1881 λαμπράν
269 1802 370 1880 ήμίραν
382 1807 510 1881 γενέσθαι
522 1807 661 1874 συντάξας,
681 1809 796 1882 προήγεν
807 1811 834 1863 ἐκ

84 1893 135 1946 τοῦ
144 1893 262 1966 χάρακος
279 1889 313 1954 ὧς
331 1888 367 1955 εἷς
377 1892 479 1963 μάχην·
505 1889 550 1946 καὶ
564 1889 591 1945 οἱ
603 1893 720 1964 Σαβῖνοι
736 1893 835 1964 τεθαῤ·

84 1976 192 2047 ῥηκάτες
205 1971 401 2048 ἀντεπεξῄεσαν,
415 1974 477 2038 τοὺς
490 1995 518 2030 τε
530 1977 672 2048 πολεμίους
678 1971 710 2031 οὗ
721 1976 836 2040 πολλοῦς

84 2056 202 2131 δρῶντες,
217 2058 262 2114 καί
271 2060 319 2128 τήν
330 2061 431 2115 ἑαυτῶν
444 2058 558 2130 δύναμιν
571 2060 619 2126 τήν
642 2056 697 2114 άπδ
720 2059 835 2128 Φιδήνης
881 2110 883 2114 .

85 2136 151 2198 ὅσον
164 2137 241 2198 στ’ίπω
265 2143 413 2215 νομίζοντες
434 2144 610 2219 παρέσεσθαι.
636 2129 712 2198 οὗτοι
735 2143 784 2213 μὲν
802 2141 834 2210 δή

85 2226 262 2289 καταστάντες
274 2227 410 2295 ἐμάχοντο,
424 2226 470 2284 καί
483 2215 517 2296 ήν
529 2223 672 2300 ἶσόρῤοτισς
683 2221 773 2289 αάτσίς
790 2224 835 2282 ίπί

83 2311 169 2366 πσλάν
175 2312 274 2384 χρόνον
293 2308 309 2363 ά
325 2306 409 2383 άγίιν·
432 2309 501 2366 αἱδί
519 2311 764 2386 προαποσταλέντες
781 2308 833 2365 ὑπὸ

86 2395 237 2468 Ταρκυνίου
251 2393 362 2465 νάκτωρ,
376 2392 589 2469 ὕποστρίψαντες
601 2397 629 2448 ἐκ
642 2395 687 2461 τῆς
699 2390 773 2460 δδσὶι,
789 2392 832 2449 καί

81 2479 219 2551 γινόμεναι
231 2478 301 2533 κατά
313 2477 399 2534 νάτου
412 2481 464 2535 τῶν
477 2477 603 2551 Σαβίνων
622 2479 746 2551 ἕπηεσαν.
770 2474 831 2532 τοί·

82 2580 142 2626 τους
156 2557 256 2628 ίδίντες
269 2559 296 2618 οἱ
310 2562 449 2635 Σαβῖνοι,
467 2562 512 2620 καί
528 2561 701 2640 γνωρίσαντες
716 2557 773 2619 άττίι
786 2562 837 2616 τ’ίεε
