1890 2970
103 106 153 164 194
220 100 382 155 DIONYSII
398 101 745 154 fflLchnNAsslstls

103 213 227 282 ἐμπίπτει
240 212 288 265 τόν
297 207 416 283 ἡγεμόνα
445 205 493 267 ούκ
506 208 543 264 ἔτι
557 209 654 284 ὁρῶσι,
681 206 727 262 καί
741 208 864 281 τρέπεται

102 296 134 350 τό
148 294 233 355 δεξιόν
246 296 323 370 κέρας
334 292 370 360 είς
382 296 481 365 φυγήν·
496 291 523 348 οἳ
536 289 560 346 δ’
575 299 605 349 ἐν
623 294 659 368 τῷ
678 286 804 364 εύωνύμῳ
817 313 866 346 τα·

101 382 211 449 γθέντες
224 375 281 450 ἅμα
294 380 329 452 τῷ
342 380 495 448 Λοκόμωνι,
514 380 576 442 τέως
593 380 643 450 μὲν
664 375 794 445 ἀντεῖχον,
811 373 865 432 ύπό

100 466 150 518 τού
164 460 293 535 ἡγεμόνος
312 461 582 536 ἀναθαῤῥυνδμενοι,
603 462 795 535 λαμπροτάτου
813 482 864 515 πο-

101 551 179 620 λέμια
200 545 306 621 ἀνδρὸς,
331 547 377 602 καὶ
390 546 455 620 ἔργα
468 550 582 603 πλεῖστα
606 549 675 602 κατά
699 546 796 600 τοῦτον
816 546 863 599 τόν

100 637 217 705 πόλεμον
238 630 465 705 ἀποδειξαμένου·
491 630 548 686 ἐπεὶ
567 631 596 685 δὲ
615 627 737 704 κάκεῖνος
755 629 864 694 ἐλαθεὶς

101 716 146 772 διά
159 718 211 771 τῶν
222 717 356 790 πλευρῶν,
391 716 521 789 Σαβίνων
540 717 584 784 τῆς
605 714 739 788 δυνάμεως
753 712 861 769 ύπολει-

101 801 212 869 πούσης,
227 799 325 864 ἔπεσεν,
341 796 405 855 οὔδ’
421 797 499 855 αύτού
512 799 660 871 διέμειναν·
685 800 759 873 φυγὴ
774 797 803 855 δὲ
815 819 860 872 με·

99 888 134 940 τά
147 887 227 940 τούτο
241 885 346 940 πάντων
359 879 448 940 αύτῶν
461 885 572 956 ἐγένετο,
593 883 640 939 καὶ
653 882 680 939 οἶ
693 884 813 957 Σαβῖνοι
824 903 863 938 τε-

100 971 272 1042 θαρρηκότες
285 968 398 1024 ἐδίωκον
419 964 480 1042 ύχρι
494 971 540 1037 τῆς
552 969 666 1032 πόλεως·
680 963 731 1037 ἤδη
751 967 780 1022 δέ
798 970 864 1038 πλη-

101 1057 236 1120 σιάζοντες
248 1057 307 1116 ταῖς
320 1052 418 1117 πύλαις
443 1050 648 1118 ἀπελαύνονται,
675 1056 722 1122 τῆς
741 1054 862 1122 νεότητος

100 1137 296 1207 ἐπεξελθούσης
309 1132 415 1205 αύτοῖς,
442 1126 460 1212 ᾖ
474 1139 507 1192 τά
525 1138 597 1207 τείχη
620 1139 764 1207 φυλάττειν
777 1137 863 1210 βασι-

101 1224 159 1286 λεύς
171 1225 325 1297 ἐπέτρεψεν·
345 1221 391 1276 καί
407 1224 457 1277 τού
472 1220 630 1296 Ῥωμύλου·
650 1221 718 1296 ῥᾷον
736 1221 790 1295 γάρ
808 1217 863 1289 ἤδη

102 1312 130 1362 ἐκ
143 1308 193 1362 τού
205 1305 359 1379 τραύματος
373 1303 398 1384 †
411 1307 632 1378 ἐκβοηθήσαντος
646 1303 679 1370 ὧς
692 1300 743 1376 εἶχε
756 1305 862 1373 τάχους,

101 1392 200 1461 ἐγίνετο
228 1386 409 1463 ἀντίστροφος
424 1387 439 1459 ἦ
454 1393 502 1445 τού
515 1387 618 1465 ἀγῶνος
633 1391 715 1460 τύχη,
738 1389 784 1445 καί
797 1393 864 1446 πολ·

102 1475 151 1542 λήν
170 1473 270 1543 ἔχουσα
288 1477 337 1543 τὴν
355 1476 520 1547 μεταβολήν.
547 1475 576 1531 οἵ
593 1478 642 1547 μέν
665 1497 694 1543 γε
713 1475 856 1550 φεύγοντες

103 1558 136 1621 ὡς
148 1560 196 1614 τόν
208 1553 326 1632 ἡγεμόνα
339 1563 367 1613 ἐκ
380 1561 428 1614 τού
443 1556 649 1633 ἀπροσδοκήτου
662 1553 744 1626 εἶδον,
759 1558 864 1615 ἀναλα-

102 1645 194 1714 βόντες
219 1644 331 1705 ἑαυτούς
344 1647 372 1698 ἐκ
386 1646 435 1698 τοῦ
463 1647 595 1719 προτέρου
610 1644 701 1710 δέους,
729 1642 764 1707 είς
790 1645 863 1708 τάξιν

102 1727 281 1793 καθίσταντο,
296 1726 340 1784 καί
352 1723 401 1784 οὖν
412 1727 450 1783 ἔτι
468 1725 648 1800 ἀνεβάλλοντο
661 1729 698 1801 μη
713 1728 795 1802 ὁμόσε
808 1731 864 1793 τοῖς

102 1815 211 1885 ἐχθροῖς
231 1815 339 1885 χωρεῖν·
373 1810 400 1866 ού
425 1811 453 1866 δὲ
466 1812 526 1877 τέως
551 1813 733 1888 κατείργοντες
755 1809 862 1879 αύτούς,

102 1895 148 1949 καὶ
147 1893 292 1998 μηδεμίαν
305 1893 422 1966 οἲδμενοι
434 1898 556 1966 μηχανὴν
570 1889 682 1952 εἶναιτὸ
694 1900 732 1970 μή
746 1893 779 1952 ού
794 1901 862 1952 κατά

103 1980 200 2053 κράτος
212 1981 260 2048 την
275 1976 402 2035 πδλιν’
366 1979 561 2036 αυτῶνάλῶναι
562 1980 670 2050 ,ἐπειδη
685 2002 714 2037 το
706 1979 861 2052 αῗφνίδιδν

102 2084 130 2117 τε
144 2085 189 2118 κοιι
211 2064 367 2136 παράδοξον
379 2065 530 2120 ἐθεάσαντο
557 2067 605 2135 τῆς
616 2068 775 2167 μεταβολῆς,
801 2064 862 2164 περὶ

102 2149 233 2248 σωτηρίας
247 2143 326 2205 αύτοι
316 2146 437 2204 ἑαυτῶν
451 2149 592 2206 ἐσκόπουν.
619 2169 653 2217 ην
669 2151 697 2205 δὲ
710 2146 804 2212 αύτοῖς
817 2145 860 2204 εύ-

100 2235 208 2300 πετηςη
197 2227 290 2304 (πρός
299 2235 386 2287 τόν
349 2253 458 2306 χαρακα
472 2231 645 2308 ἀναχώρησις,
660 2232 714 2290 ἀπό
729 2239 861 2307 καθυφη-

99 2316 150 2369 λοῖι
162 2335 191 2369 τε
201 2315 302 2388 χωρίου
315 2337 361 2372 και
352 2317 419 2372 διά
432 2319 520 2385 κοίλης
533 2318 600 2373 όδού
614 2317 799 2391 διωκομένοις,
815 2319 861 2375 καί

100 2419 115 2453 ο
106 2395 398 2500 πολυςαυτωνφόνος
406 2401 527 2476 ἐνταυτη
532 2403 680 2476 γίνεται
646 2403 780 2479 τῃτροπῇ.
794 2406 862 2460 ἐκεί·

99 2503 147 2550 νην
152 2502 201 2556 μιν
215 2503 264 2538 ουν
270 2486 425 2559 τηνημιραν
432 2505 515 2548 ουτως
521 2483 682 2560 αγγωμαλως
693 2484 863 2563 ἀγωνισάμε-

97 2586 142 2619 νον
170 2566 221 2624 καὶ
239 2563 366 2640 εἷςιύγας
393 2571 567 2649 παραλόγους
595 2569 745 2646 ἀμφότεροι
770 2593 860 2629 κατα·
