1890 2970
161 107 715 175 ANT1Qv1TATvunoMAN.L1n.1v.
783 111 816 166 73

60 213 105 272 ίπί
116 214 150 271 τό
162 213 254 270 δίκαια
267 211 314 269 καί
324 213 499 288 τοὺςνόμους,
514 206 570 269 ἄλλ’
582 209 626 269 ἐπί
640 213 702 278 τοῦς
715 213 812 268 ίαυτοό

61 302 178 374 τρόπους
191 295 337 374 ἀναφέρων,
365 300 487 354 ἐποιεῖτο.
502 297 547 353 διαί
561 297 645 352 ταῦτα
658 298 811 366 ἐπωνυμίαν

59 384 182 439 τίθενται
200 377 271 456 αὐτῷ
293 376 419 453 Ῥωμαῖοι
437 385 484 438 τδν
498 381 666 454 Σούπερβον.
692 382 772 434 τοῦτο
787 379 814 435 δί

63 468 160 538 δηλοῦν
186 464 312 538 βοόλεται
336 467 404 521 κατοί
430 467 478 536 τήν
490 461 619 540 ἡμετέραν
631 467 750 537 γλῶτταν
764 465 812 519 τόν

60 551 242 627 ὖπερηφανον
269 552 316 606 τόν
340 548 367 604 δι’
388 550 501 607 πάππον
514 546 599 606 αδτου
584 546 737 624 ’Πρίσκον
749 548 813 604 ἐκό-

62 642 140 691 λουν·
154 633 187 698 ῶς
200 629 256 688 δι’
239 636 314 738 ημεῖς
327 629 360 688 όν
376 636 503 738 εόπφιμεν,
530 636 578 690 τδν
592 633 813 709 προγενέστερον·

62 719 239 794 όμωνυμος
205 740 257 792 γαρ
266 706 341 790 ἧντῶ
352 712 531 792 νεοιτόρρκαό
546 711 627 790 ῶμφω
641 737 673 771 τοι
666 711 812 819 ’όνόμμτα

125 798 214 861 XLII.
233 796 348 858 ’Ennea’
369 805 500 878 ἐγκρατῶς
525 799 576 873 ῶδη
602 801 718 870 κατέχεεν
746 799 814 856 δαι-

59 888 179 989 λόμρίανε
192 887 240 958 τόν
253 883 344 991 ρρχὴν,
368 888 575 989 παρασκευάσας
588 889 617 941 ἐκ
630 886 682 941 τῶν
694 886 814 960 ἑταιριῶν

59 973 124 1034 τούς
136 972 339 1046 πονηροτάτους,
358 967 397 1026 δι’
413 957 546 1028 ίκείνων’
529 990 593 1045 ηγεν
618 965 653 1033 είς
665 969 814 1073 ἐγκλήματα

59 1055 237 1113 καίθανότου
249 1055 324 1117 δίκας
339 1055 502 1119 πολλοδς”
468 1076 520 1111 των
532 1055 682 1125 ἐπιφανῶν·
696 1053 813 1129 κρότοις

59 1141 109 1242 μὲν
122 1139 231 1205 τούς
195 1138 297 1213 ἐχθρῶς
311 1137 489 1211 διακειμένους
501 1141 570 1214 πρός
583 1133 682 1204 αότδν,
709 1130 794 1202 οίς’
762 1156 809 1192 ουκ

59 1213 93 1293 ἦν
103 1226 275 1297 βουλομένοις
290 1221 405 1278 Τίλλιον
418 1222 579 1278 ίκπεσεῖν”
547 1243 593 1292 της
607 1218 701 1295 όρχῆς·
720 1220 810 1277 ἔπειτα

58 1394 109 1460 τήν
133 1390 293 1463 μεταβολὴν,
319 1388 364 1446 καί
391 1384 430 1455 οἷς
456 1390 538 1454 πολὺς
562 1378 703 1454 πλουτσς
688 1410 728 1458 ην
744 1384 813 1445 οἶδ’

59 1472 208 1548 δποίγοντες
222 1469 320 1538 αῦτσδς
332 1471 367 1540 είς
385 1476 433 1538 τός
445 1473 536 1542 δίκας,
561 1471 657 1540 όλλους
681 1469 722 1529 ἐπ’
727 1471 814 1536 ῶλλαις

59 1554 228 1633 φευδὲσιν’
200 1558 303 1623 αιτίαις,
316 1560 431 1632 μάλιστα
443 1553 465 1613 δ’
478 1555 815 1631 όαιβουλεόειναῖτιῶμενοι

58 1646 97 1716 τῷ
110 1644 224 1715 βασιλεῖ,
240 1643 407 1717 κατηγόρουν
419 1635 461 1700 ἐπ’
477 1638 549 1716 αδτῶ
562 1642 681 1716 δικαστῇ.
695 1642 711 1697 δ
725 1640 752 1698 δὲ
766 1643 815 1695 τῶν

57 1730 109 1802 μέν
122 1728 247 1783 θόνατον
260 1725 421 1793 κατεδίκαζε·
435 1728 486 1782 τῶν
501 1727 529 1783 δὲ
542 1727 640 1802 φυγὴν,
655 1725 740 1781 καίτιὶ
751 1727 813 1798 χρὴ·

58 1831 135 1888 ματα
158 1809 221 1874 τοός
238 1829 267 1866 τε
292 1807 501 1888 όναιρουμὲνους
527 1809 572 1871 καί
597 1812 815 1885 ἐξελαυνομένους

60 1894 267 1998 όφαιροδμενφς,
293 1897 350 1960 τοῖς
373 1895 423 1969 μὲν
448 1897 606 2000 κατηγόροις
628 1897 729 1971 μικρόν
753 1916 812 1951 τινα

59 1986 159 2055 μοῖραν
185 1976 337 2052 απένειμεν,
363 1975 445 2044 αότδς
470 1980 500 2037 δὲ
525 1983 558 2034 τοί
583 1980 663 2036 πλείω
688 2000 812 2050 καττιχεν.

60 2065 167 2138 ἔμελλον
182 2057 243 2116 δί”
224 2083 278 2135 αρα
296 2065 347 2118 τῶν
373 2062 492 2120 δυνατῶν
504 2063 610 2129 πολλοι,
638 2064 702 2164 πρίν
714 2064 814 2121 ἁλῶναι

60 2152 120 2214 ταῖς
144 2149 319 2250 ίπαγομόναις
344 2148 423 2220 σφίσι
449 2147 542 2214 δίκαις,
567 2135 695 2213 ειδότες
678 2169 713 2203 ων
739 2167 813 2202 ενεκιι

59 2233 174 2304 ίπιβουλ
176 2230 277 2296 εόοντο,
292 2233 509 2306 καταλείψειν
473 2253 510 2288 τω
523 2233 641 2306 τυρόννῳ
653 2233 752 2293 όκόντες
766 2251 813 2298 την

58 2319 148 2421 πόλιν,
174 2313 221 2370 και
246 2313 334 2387 πολλῶ
360 2318 477 2379 πλείονες
501 2317 623 2388 ίγὲνοντσ
642 2315 692 2368 τῶν
711 2317 811 2384 ἓτίρτον.

59 2388 128 2468 ἦσαν
142 2398 171 2456 δι’
184 2419 251 2463 τινες
264 2419 291 2454 οι
279 2396 350 2453 ικαί
338 2397 449 2502 κρόφα
458 2396 672 2474 διεφθάρησαν
660 2393 702 2454 στ’
716 2392 810 2464 αὐτοῦ,

59 2480 113 2538 κατ’
129 2486 215 2548 οικιας
228 2502 255 2538 τε
270 2481 316 2538 καί
330 2478 375 2538 ἀπ’
402 2482 497 2586 όγρῶν
516 2481 702 2557 ἁρπαζόμενοι,
729 2480 811 2555 λόγου

59 2563 129 2633 όξιοι
151 2563 257 2643 ἄνδρες,
277 2553 313 2622 ῶν
332 2561 395 2624 οόδί
413 2570 445 2624 τό
464 2568 576 2644 σώματα
596 2567 694 2640 ίφόινη
721 2564 828 2624 tm&
