1890 2970
127 107 403 178 ANTIQVITATVM
421 107 559 160 ROMAN.
578 110 641 161 LIB.
652 112 697 162 1v.
782 118 816 174 75

59 216 151 287 μάτων
163 210 301 291 εἰσφοράς,
329 209 374 269 καί
399 212 447 268 τόν
459 216 487 277 ἐξ
497 211 578 290 άρχῆς
590 217 690 290 τρόπον
696 212 816 272 άποκατ-

61 300 170 368 ίστησε·
194 297 239 355 καί
266 299 347 355 ὄπότε
375 295 490 365 δεήσειεν
515 295 589 373 αὐτῷ
609 300 759 373 χρημάτων,
785 305 817 358 τό

60 384 121 439 ἴσον
136 381 268 458 διάφορον
282 383 297 438 ό
310 382 468 448 πενέστατος
482 385 520 456 τῷ
544 384 662 456 πλουσίῳ
681 385 817 457 κατέφερε.

61 468 143 523 τοῢτο
156 469 187 522 τό
200 470 349 539 πολίτευμα
366 466 436 521 πολὺ
455 468 504 522 τοῦ
524 466 668 540 δημοτικοῦ
694 468 819 535 πλήθους

61 548 246 619 άπανάλωσεν,
266 550 310 608 όπλ
323 553 369 618 τῆς
381 549 485 626 πρώτης
498 545 583 615 εὐθὺς
595 547 722 624 είσφοράς
735 548 817 626 άναγ-

61 635 211 707 καζομένου
224 634 417 705 κατάκεφαλὴν
429 638 544 691 ἑκάστου
558 634 675 712 δραχμάς
689 635 751 691 δέκα
764 633 818 693 είσ·

63 721 162 794 φέρειν.
188 718 320 784 συνόδους
337 739 370 796 τεΙ
383 720 533 790 συμπάσας,
548 715 612 776 ὅσαι
624 721 754 793 πρότερον
766 721 818 795 syl·

62 824 142 862 νοντο
156 806 282 876 κωμητῶν
294 800 312 875 ἢ
332 805 519 879 φρατριαστῶν
531 801 548 872 ἢ
561 804 686 878 γειτόνων
706 802 733 859 έν
746 825 773 859 τε
786 803 819 878 τῇ

61 889 142 944 πόλει
152 888 198 945 καί
210 887 254 946 έπί
266 889 318 945 τῶν
332 884 420 962 άγρῶν
430 881 472 958 ἐφ’
487 885 544 962 ίερά
558 887 603 944 καὶ
616 889 718 951 θυσίας
730 889 819 953 πάσας

63 973 164 1039 κοινάς,
178 976 289 1047 προεῖπε
301 971 392 1047 μηκέτι
412 970 585 1038 συντελεῖν,
574 991 618 1028 ινα
635 993 673 1044 μη
664 972 820 1036 συνιόντες

64 1060 101 1122 εἲς
112 1059 143 1112 τό
158 1052 225 1113 αότό
236 1055 331 1114 πολλοί
344 1055 445 1128 βουλάς
458 1051 636 1156 ἀπορρήτους
637 1076 685 1127 μετ
684 1051 819 1124 ’άλλήλων

64 1142 194 1198 ποιῶνται
206 1162 267 1218 περι
257 1138 490 1201 καταλίσεως“
458 1159 504 1210 της
517 1137 606 1215 ἀρχῆς.
619 1161 688 1206 ησαν
703 1137 731 1195 δ’
746 1136 819 1214 αὐτῷ

64 1225 185 1300 πολλαχῇ
198 1224 386 1301 διεσπαρμένοι
400 1223 531 1278 κατόπται
543 1224 611 1288 τινὲς
623 1245 670 1280 και
660 1195 819 1300 ἱίιδιερευυη

63 1310 111 1367 ταί
125 1312 174 1364 τῶν
187 1311 333 1383 λεγομένων
345 1327 373 1362 τε
390 1304 436 1361 καί
455 1309 653 1382 πραττομένων,
679 1311 820 1379 λεληθότες

66 1393 129 1458 τοὺς
143 1392 264 1459 πολλοὺς,
279 1388 717 1468 οίσυγκαθιίντεςείςόμιλίαντοῖς
730 1396 816 1457 πέλας,

64 1471 821 1551 καὶέστινότεκατάτοῦτυράννουλέγοντεςαότοὶ,πεῒραν

64 1566 113 1631 τῆς
126 1563 239 1617 ἑκάστου
251 1561 356 1635 γνώμης
368 1561 532 1632 ἐλάμβανον·
547 1560 636 1616 ἔπειτα
656 1555 703 1625 οὓς
716 1556 821 1634 ᾔσθον-

66 1668 97 1702 το
112 1649 168 1709 τοῖς
181 1647 361 1715 καθεστηκόσι
373 1644 530 1718 πράγμασιν
547 1643 723 1716 άγθομένους,
744 1665 822 1701 κατε·

65 1730 170 1808 μίγνυον
184 1731 249 1805 πρός
262 1731 310 1785 τόν
329 1728 476 1804 τύραννον·
501 1730 530 1786 αί
551 1727 579 1784 δέ
604 1729 727 1802 τιμωρίαι
752 1731 822 1785 κατά

64 1817 117 1871 τῶν
132 1817 308 1888 ἐλεγχθέντων
321 1816 440 1888 ἐγίνοντο
455 1813 549 1889 πικραί
561 1812 606 1870 καὶ
632 1811 820 1888 άπαροιίτητοι.

129 1897 234 1956 XLIV.
256 1899 314 1954 Καί
328 1893 377 1954 οὒκ
398 1893 498 2000 άπέγρη
511 1918 595 1954 ταυτα
611 1896 733 1970 μόνον’
711 1919 746 1964 εις
759 1901 822 1963 τούς

66 1979 276 2055 δημοτικοδς’
241 2004 311 2038 αυτω
329 1984 503 2059 παρανομεῖν,
527 1977 582 2038 ἄλλ’
596 1984 683 2038 όπιλέ
669 2004 714 2047 υς
729 1987 757 2038 ἐκ
771 2003 819 2038 του

66 2063 219 2136 πληθους”
204 2087 268 2122 οσον
281 2089 314 2136 ην
326 2067 423 2123 πιστόν
436 2065 528 2138 ἑαυτω,
544 2061 624 2120 κάλ’
601 2086 637 2129 εις
650 2068 697 2130 τάς
709 2071 821 2139 πολεμι-

67 2152 122 2214 κάς
131 2150 221 2221 χρείας
232 2151 387 2220 ἐπιτήδειον,
400 2152 431 2206 τό
442 2150 537 2206 λοιπόν
549 2147 693 2252 ἠνάγκαζεν
718 2152 821 2223 ἐργάζε·

68 2240 137 2292 σθαι
150 2235 197 2299 τάς
217 2235 285 2290 κατά
305 2236 382 2290 πόλιν
399 2235 533 2308 ἐργασίας,
558 2236 682 2306 μέγιστον
700 2230 820 2306 οἰόμενος

68 2313 136 2375 εἶναι
149 2318 275 2375 κίνδυνον
287 2321 344 2384 τοῒς
355 2319 509 2392 μονάρχαις,
525 2313 590 2373 ὅταν
599 2315 626 2372 οἳ
638 2319 820 2390 πονηρότατοι

68 2405 120 2458 τῶν
133 2406 247 2460 πολιτῶν
266 2401 312 2458 καί
338 2399 507 2476 άποράτατοι
529 2401 624 2470 σχολήν
649 2396 749 2476 άγωσι·
773 2398 820 2456 καί

69 2482 124 2558 άμα
136 2489 295 2563 προθυμίαν
310 2485 375 2557 έχων
387 2485 431 2543 έπλ
444 2490 489 2555 τῆς
502 2482 572 2550 ίδίας
589 2483 670 2559 άρχῆς
689 2487 723 2540 τά
737 2505 818 2541 κατα-

68 2573 211 2644 λειφθέντα
224 2568 342 2649 ἦμίεργα-
351 2567 403 2629 ὑπό
416 2573 465 2629 τοίι
479 2571 596 2631 πάππου
610 2571 764 2638 τελεωῗιοοτ,
784 2570 840 2632 τέκε
