1890 2970
89 81 137 136 122
204 72 364 126 DIONYSII
381 69 733 125 HALIGARNASSENSIS

87 179 193 252 δεηθείς
206 176 242 245 εἷς
256 179 302 250 την
311 174 572 255 Ἄλβανέπείγεσθαι
585 179 740 248 διαταχέων,
751 179 789 250 μὴ
804 200 848 233 κα·

85 269 119 321 τοί
132 267 180 332 τίς
193 261 276 328 αδτιλς
289 263 372 328 πόλας
387 261 518 332 ἅπαντας,
531 260 595 338 μηδ’
610 262 734 338 ἀθρόους
747 261 850 320 εἶσίον-

85 372 138 418 τας,
153 350 190 424 μη
204 372 243 415 τις
257 349 372 407 ὑπόνοια
384 351 452 427 πρός
477 349 539 416 τοδς
551 351 579 405 ἐν
591 349 624 424 τῇ
645 351 721 405 πόλει
732 350 848 425 γένηται,

83 435 130 492 καί
155 435 215 512 περὶ
228 435 277 504 τὴν
302 431 406 511 ἆγοριὶν
438 433 623 506 ὑπομένοντας
635 435 759 508 ἑτοίμους
782 430 849 491 εἶναι

84 521 152 596 δρᾷν
166 521 197 576 τό
211 520 398 592 κελευόμενον,
425 516 509 594 οἷπῂει
522 522 626 596 πρῶτος
652 516 688 583 είς
701 519 750 590 την
762 522 849 577 πόλιν.

87 605 111 662 οἶ
125 607 157 661 δέ
165 607 212 662 τόν
221 602 324 678 Ῥῶμον
337 602 448 678 ἄγοντες
460 605 551 676 ἐπειδὴ
564 607 731 676 κατέστησαν
744 603 789 662 ἐπὶ
802 607 849 660 τόν

84 693 205 758 Βασιλέα,
221 692 267 758 τοίς
280 710 307 745 τε
319 685 411 765 ὕβρεις
425 687 540 757 ἁπάσας,
557 687 624 754 ὅσας
637 678 706 759 ἦσαν
723 691 850 766 ὕβρισμέ·

85 796 127 831 νοι
140 778 207 852 πρός
220 777 272 832 τῶν
284 775 438 850 μειρακίων,
454 777 632 850 κατηγόρουν,
646 775 850 851 καίτοδςτραυ·

86 862 183 934 ματίας
195 862 272 933 σφῶν
285 860 492 928 ἐπεδείκνυσαν,
520 860 648 935 τιμωρίας
662 857 684 915 εί
694 861 733 936 μὴ
748 858 852 926 τεύξον-

87 967 140 1014 ται,
152 948 323 1020 καταλείψειν
336 948 508 1021 προλέγοντες
528 947 561 1002 τοί
580 947 729 1020 συφόρβια.
759 940 852 1020 Ἀμοίν-

86 1033 141 1094 λιος
155 1030 183 1087 δι’
196 1034 253 1095 τοῖς
262 1033 387 1105 χωρίταις
400 1033 469 1086 κατσί
483 1032 591 1099 πλῆθος
609 1032 757 1099 ἐληλυθόσι
773 1031 850 1105 χαρί-

87 1118 182 1181 ζεσθαι
194 1117 368 1189 βουλόμενος,
386 1114 433 1172 καί
446 1113 482 1188 τῷ
509 1115 662 1189 Νομίτωρι·
690 1114 782 1190 παρὼν
799 1117 852 1191 γιὶρ

87 1200 228 1306 ἐτύγχανε·
242 1202 451 1273 συναγανακτῶν
467 1202 523 1265 τοῖς
536 1201 677 1264 πελάταις·
704 1197 811 1276 εἰρήνην
825 1222 851 1255 ιε

87 1283 139 1341 ανιί
153 1308 201 1355 την
211 1286 302 1394 χώραν
315 1283 474 1342 σπεδδων
451 1278 528 1351 εἶναι,
543 1284 590 1340 καί
596 1281 660 1386 ίίμα
680 1285 711 1339 τό
729 1279 852 1348 αὔθαδες

87 1373 135 1426 τοῦ
148 1374 297 1448 μειρακίου,
312 1369 346 1435 ὡς
360 1368 566 1439 ακατσίπληκτσν
592 1390 627 1434 ην
643 1373 671 1424 έν
684 1372 741 1433 τοῖς
753 1371 850 1443 λόγοις,

88 1451 151 1510 διΗ
123 1456 424 1562 υποιμίαςλριμβσίνων,
451 1453 667 1528 καταψηφίζεται
692 1455 741 1521 τὴν
761 1453 851 1524 δικην·

87 1563 152 1611 ,,της
166 1541 193 1597 δέ
203 1541 330 1615 τιμωρίας
342 1543 391 1596 τόν
406 1540 554 1613 Νομίτωρα
567 1541 640 1595 ποιεί
653 1537 754 1613 κδρισν,
770 1536 847 1594 εἷπὼι

87 1624 141 1694 ,ὡς
154 1627 190 1701 τῷ
204 1628 334 1701 δράσαντι
346 1624 433 1691 δεινοί,
449 1625 479 1679 τό
500 1620 666 1680 ἀντιπαθεῖν
680 1618 713 1678 οὗ
727 1624 794 1697 πρός
806 1619 850 1680 ίίλ-

87 1716 155 1777 ,,λου
169 1717 240 1777 τινὸς
260 1712 376 1784 μᾶλλον,
403 1707 420 1777 ἢ
435 1709 484 1764 τοῦ
498 1711 672 1773 πεπονθότος
685 1706 850 1780 ὀφείλεται.“

86 1799 114 1851 ἐν
129 1792 183 1868 ὅσῳ
197 1798 226 1852 δι’
240 1791 366 1865 ὁῬῶμος
379 1791 432 1849 ὑπό
446 1793 497 1848 τῶν
509 1795 559 1849 τοῦ
576 1796 733 1868 Νομίτωρος
750 1795 850 1866 βουκό-

86 1883 138 1934 λων
150 1875 239 1953 ίίγετο,
255 1879 389 1951 δεδεμένος
395 1899 422 1934 τε
435 1873 522 1934 ὀπίσω
530 1879 566 1935 τὼ
571 1883 651 1954 χεῖρε,
660 1879 706 1935 καί
719 1882 784 1954 πρός
800 1880 848 1933 τῶν

86 1962 207 2040 ἀγόντων
218 1963 480 2039 ἐπικερτομούμενος,
495 1958 658 2020 υἷκσλουθῶν
677 1963 693 2019 ὅ
713 1965 849 2036 Νομίτωρ,

86 2049 135 2105 τοῦ
149 2070 176 2105 τε
202 2050 326 2122 σώματος
338 2050 386 2118 τὴν
410 2043 571 2123 εὖπρέπειαν
584 2046 797 2122 ιίπεθαδμασεν,
816 2047 850 2113 ὡς

87 2134 156 2191 πολὺ
170 2137 200 2190 τό
215 2135 358 2206 βασιλικόν
372 2127 431 2201 εἶχε,
446 2133 729 2209 καῖιοῒιφρσνὴματσς
742 2134 791 2202 τήν
805 2127 849 2189 εὖ·

85 2224 191 2296 γένειαν
204 2222 371 2293 ἐνεθυμεῖτο,
385 2212 418 2286 ἢν
431 2218 506 2294 παρσί
520 2221 553 2273 τιί
567 2219 641 2274 δεινοί
663 2218 798 2286 διέσωσεν,
814 2212 862 2288 οὗ,

86 2307 153 2380 πρός
166 2300 257 2362 οἶκτον
276 2299 340 2361 οὔδέ
365 2304 527 2377 λιπαρήσεις,
553 2301 588 2368 ὥς
606 2300 721 2368 ἅπαντες
737 2307 765 2360 ἐν
791 2307 850 2368 ταῖς

86 2389 206 2448 τοιαῖσδε
219 2390 331 2447 ποιοῦσι
346 2386 445 2456 τίγαις,
460 2389 640 2464 τραπόμενος,
662 2385 729 2444 ἄλλοί
743 2389 793 2445 σὺν
807 2385 850 2445 εὖ·

86 2476 177 2548 κόσμῳ
191 2473 278 2550 σιωπῇ
303 2473 347 2530 eni
361 2474 407 2530 τόν
419 2474 506 2548 μόρον
531 2469 626 2530 υἷπιών.
652 2471 687 2538 ὧς
706 2469 732 2529 δ’
752 2470 848 2543 είςτὴν

84 2560 174 2613 οιίιίαν
184 2558 325 2631 ιίφίκοντσ,
342 2559 510 2632 μεταστῆναι
523 2559 584 2626 τοὺς
598 2554 695 2625 όλλους
714 2559 852 2626 κελεύσας,
