1890 2970
173 109 447 177 ANTIQVITATVM
464 109 559 161 ROMA
567 111 597 161 N.
616 110 679 159 LIB.
774 116 822 171 137

71 212 434 282 ‚,1‘moonivdfitoffimc,ua2
448 215 478 270 τί
492 215 581 270 εισινδν
589 212 712 271 ἁπάντων
719 204 822 271 δίκαιον

73 295 129 366 ,,ει’ς
143 295 215 353 ἶδίαν
226 296 378 369 αἰτούμενοι
388 299 473 374 χάριν,
488 293 521 354 ού
542 298 711 368 δεδυνήμεθα
725 300 823 355 τούτου
843 364 848 373 Ι

70 386 185 452 »ταμεῖν
200 381 256 438 ἐπεὶ
269 379 294 438 δ’
307 377 391 446 οὕτως
404 382 465 452 ύμῖν
479 381 558 447 δοκεῖ,
575 382 635 454 περί
648 382 696 452 μὲν
716 378 822 438 εἰσόδου

68 508 89 535 ‚,
97 467 250 537 Ταρκυνίων
262 462 342 523 ούδέν
354 465 391 522 ἔτι
403 468 582 540 λιπαροῦμεν·
608 467 822 538 προκαλούμεθα

68 544 123 618 ,,δ’
137 548 205 621 ύμάς
214 547 249 613 εἷς
260 549 347 623 ἔτερόν
361 571 386 604 τι
400 549 510 616 δίκαιον,
527 547 592 624 ύπὲρ
606 539 640 605 σύ
653 552 697 613 τάς
716 552 820 614 ἐντολάς

68 628 155 703 ,,ἦμίν
166 630 287 703 ἔδωκενὴ
306 633 408 708 πατρίς,
428 632 475 689 καί
487 628 550 690 οὔτε
562 635 642 706 νόμος
665 633 682 688 δ
699 634 822 690 κωλύσων

68 710 161 784 ,,αύτό
175 720 260 772 ποιεῖν
273 716 339 789 ύμάς
352 722 431 782 ἐστιν,
449 711 505 774 οὔτ’
519 713 607 790 ὅρκος,
622 711 772 772 άποδούναι
786 719 821 789 tq]

67 800 195 870 „flamm
208 802 254 868 τὴν
268 797 370 868 ούσίαν,
390 797 423 868 ἣν
444 800 459 856 δ
471 801 581 864 πάππος
593 794 679 855 αύτού
692 802 820 874 πρότερον

67 885 219 952 ,,ε’κε’κτητο,
233 880 318 941 ούθὲν
331 887 382 941 τῶν
396 884 523 959 ύμετίρων
536 879 598 940 οὕτε
611 884 660 957 βίη
674 885 818 952 κατασχὼν,

67 961 150 1039 ,μύει
163 968 262 1044 λάθρα,
277 970 351 1046 παρά
364 968 393 1024 δὲ
407 969 455 1024 τού
468 969 567 1042 πατρὸς
576 966 765 1038 διαδεξάμενος,
774 970 818 1024 καλ

68 1053 155 1126 ,,πρδς
167 1049 235 1124 ὑμᾶς
245 1055 405 1124 μετενέγκας.
420 1049 522 1124 άπύχρη
533 1054 586 1126 γάρ
596 1046 668 1124 αὐτῷ
679 1054 711 1108 τά
722 1056 818 1107 ἑαυτοῦ

67 1136 255 1209 ,,κομισαμε’νιρ
267 1136 312 1210 ζῇν
325 1134 437 1210 ἑτέρωθί
448 1155 502 1191 που
513 1138 655 1210 μακαρίως,
668 1135 750 1205 μηδὲν
761 1142 816 1192 ε’νο·

67 1217 299 1291 ,,χλούντιῦμίν.“
315 1221 438 1274 Τοιαῦτα
446 1221 494 1292 μὲν
507 1216 815 1293 οίπρίσβειςδιαλεχθέν-

66 1323 117 1367 τις,
124 1305 243 1370 ἐξῆλθον.
256 1304 308 1358 τῶν
322 1298 349 1357 δ’
364 1301 470 1358 ὑπάτων
476 1304 597 1375 Βρούτος
606 1304 654 1373 μὲν
662 1307 776 1369 κατέχειν
784 1308 816 1360 τά

65 1388 187 1456 χρήματα
201 1385 398 1459 συνεβούλευσε,
412 1387 537 1459 τιμωρίας
549 1407 577 1440 τε
584 1387 661 1460 χάριν
671 1382 735 1442 άνθ’
744 1375 779 1443 ὧν
790 1387 816 1443 οἱ

66 1469 196 1544 τύραννοι
209 1471 238 1524 εδ
250 1471 340 1526 κοινὸν
353 1467 482 1540 ἠδίκησαν
495 1471 597 1525 πολλῶν
613 1468 695 1525 ὅντων
708 1468 753 1525 καί
764 1491 815 1542 με-

66 1554 163 1626 γάλων,
178 1552 224 1607 καὶ
236 1554 284 1608 τού
295 1556 475 1628 συμφέροντος
488 1553 585 1617 ἕνεκεν,
606 1553 650 1610 ἵνα
663 1556 699 1624 μὴ
711 1556 814 1628 γένοιτο

66 1632 158 1699 αύτοῖς
172 1633 280 1710 άφορμη
294 1640 359 1712 πρδς
370 1639 416 1692 τδν
429 1640 557 1709 πόλεμον,
576 1636 706 1693 διδάσκων
720 1637 753 1701 ὦς
766 1635 814 1693 ούκ

66 1717 239 1792 άμαιιηοουσι
251 1717 740 1795 Ταρκύνιοιτάςούσίαςάπολαβδντες,
749 1717 812 1796 ούδ’

65 1802 246 1875 ύπομενούσιν
259 1802 364 1875 ἰδιώτην
376 1805 437 1877 βίον
450 1806 508 1879 ζῇν,
542 1801 608 1860 άλλά
622 1806 738 1878 πόλεμον
750 1808 812 1861 ἐπά-

65 1889 141 1950 ξουσι
151 1884 289 1961 Ῥωμαίοις
301 1887 440 1960 άλλσεθνῆ,
456 1890 554 1963 καίβίη
565 1891 738 1964 πειράσονται
749 1912 812 1946 κατ-

66 1974 156 2026 ελθεῖν
180 1971 224 2027 ἐπὶ
249 1975 297 2040 τήν
323 1971 413 2047 άρχὴν.
444 1974 605 2037 Κολλατῖνος
630 1972 658 2029 δὲ
683 1971 810 2031 τάναντία

65 2051 190 2128 παρῄνει,
217 2058 296 2128 λέγων
314 2056 347 2122 ὦς
360 2053 438 2112 ούδύν
456 2058 489 2111 τά
506 2057 627 2130 χρήματα
647 2060 697 2112 τῶν
709 2062 809 2132 τυράν-

65 2159 115 2192 νων
127 2134 211 2206 ἠδίκει
223 2139 271 2206 viv
290 2143 380 2209 πόλιν,
408 2139 474 2197 ἄλλά
487 2143 520 2196 τά
534 2141 650 2212 σώματα,
675 2144 807 2213 φνλάττε-

65 2225 133 2276 σθαι
145 2216 166 2275 τ’
182 2217 279 2285 αύτούς
291 2221 368 2287 άξιῶν
380 2221 530 2298 άμφύτερα,
550 2225 586 2295 μή
601 2223 675 2291 δόξης
686 2245 713 2279 τε
726 2245 805 2290 πονη-

65 2306 111 2378 ράς
136 2308 209 2380 παρά
234 2308 339 2360 πάντων
364 2307 489 2376 τύχωσιν,
515 2306 548 2370 ὥς
567 2305 610 2362 διά
629 2309 676 2361 τὸν
692 2308 805 2362 πλοῦτον

65 2390 237 2458 ἐξεληλακότες
250 2393 278 2444 ἐκ
291 2394 336 2460 τῆς
349 2387 429 2465 ολρχῆς
444 2391 623 2463 Ταρκυνίους,
644 2390 688 2445 καί
701 2392 805 2464 πρύφω

65 2492 105 2527 σιν
118 2475 236 2543 πολέμου
255 2473 360 2529 δικαίαν
373 2477 542 2549 παράσχωσιν
556 2468 662 2540 αὐτοῖς,
688 2471 721 2537 ὥς
733 2471 804 2529 ἄπο-

65 2560 242 2624 υτεροιμένοις
262 2560 313 2613 τῶν
332 2555 421 2614 ἰδίων·
446 2554 546 2625 άδηλον
558 2559 604 2630 μὲν
617 2553 684 2613 εἶναι
697 2561 807 2630 ιηιλσκωε
