1890 2970
134 159 185 216 310
254 150 414 207 5105st
429 149 772 206 HALICARNASSENSIS

134 262 257 338 γρίφους
267 262 360 326 θέντες
371 265 399 316 ἐν
418 264 475 326 τοῖς
488 259 582 336 ἱεροῖς,
602 250 693 330 ἐπειδὴ
706 259 818 328 συνέστη
827 253 893 313 Ῥοι-

135 348 225 421 μαίοις
237 347 303 421 πμίς
317 350 363 413 τὰς
375 347 499 403 Λατίνων
513 347 602 412 πόλεις
614 366 690 420 κοινη
680 345 894 421 συνηῤῥαγμέ·

136 453 181 495 νος
194 433 316 504 πόλεμος,
331 453 364 488 ου
354 427 466 505 ’ῥᾴδιος
478 435 506 486 ἐν
518 427 600 505 ὀλίγῳ
613 426 827 505 καθαιρεθῆναι
832 432 893 504 χρό·

135 537 184 590 νῳ·
212 511 277 570 δι’ι
259 538 291 580 ας
306 513 376 572 55’
347 518 447 583 αιτίας,
468 512 579 590 ὀλίγῳ
561 535 674 592 υστερον
691 517 755 590 ἐρῶ·
782 516 893 587 δεξαίμε-

135 622 176 657 νοι
189 621 220 656 το
211 599 382 674 ’συμβιὶν’
364 603 514 673 αγαπητῶς,
542 597 628 676 ὅρκων
654 602 703 674 μὲν
729 603 834 656 ἐκείνων
847 596 893 656 καί

134 683 321 756 συνθηκῶν,
301 706 386 761 ωσπερ
400 681 464 742 0555
490 687 683 787 γεγενημένων,
708 687 892 742 ἐπελάθοντο·

134 773 229 845 καιρὸν
243 769 271 827 ίί
291 772 445 843 νομίσαντες
462 758 651 838 ἐπιτήδειον
631 792 668 826 ων
683 772 881 871 χρημάτωνε
844 773 893 834 ἐξέ·

134 877 211 912 τισαν
222 851 362 927 Ῥωμαίοις
385 857 572 913 πολλαπλάσια
587 852 649 931 παρ’
677 851 764 910 αὐτῶν
789 852 892 911 duola·

133 943 200 1013 βεῖν,
228 937 271 995 ὄλί
270 962 315 1014 γοι
339 941 389 1012 μὲν
415 943 445 996 τὸ
471 943 578 1013 πρῶτον
590 940 636 996 και
661 938 770 1011 οίφανῶς
783 943 891 1004 ἐξιόντες

133 1025 266 1095 ἐληίζοντο
280 1026 327 1093 τήν
346 1021 461 1101 ὅμορον·
487 1024 576 1080 ἔπειτα
597 1026 625 1080 55
639 1024 735 1081 πολλοί
747 1029 890 1128 συνιόντες,

133 1111 177 1166 καί
202 1111 438 1193 ἐκτούφανερού,
462 1107 566 1165 επείτιί
590 1113 681 1186 πρῶτα
696 1110 763 1165 κατιί
781 1111 891 1183 γνώμην

133 1191 227 1262 αὐτοῖς
239 1195 335 1299 εχώρει,
349 1195 506 1268 μηδεμιᾶς
493 1194 536 1250 ιπί
550 1214 598 1262 την
610 1195 779 1298 φυλακήγ”
746 1215 796 1249 των
808 1215 890 1268 γεωρι

133 1283 185 1356 γῶν
212 1279 377 1353 ἀφικομένης
392 1280 547 1353 βοηθείας,
571 1281 820 1355 καταφρονήσαντες
840 1281 891 1333 τῶν

133 1366 271 1437 πολεμίων,
285 1360 325 1420 ἐπ
333 1361 619 1433 αὕτηνδιενοούντο
591 1385 637 1432 την
647 1361 750 1435 Ῥώμην
761 1363 891 1431 ἐλαύνειν,

134 1450 177 1505 καί
191 1453 308 1522 συνῆγον
320 1454 345 1513 ἐξ
359 1448 466 1519 ἁπάσης
485 1452 583 1512 πόλεως
602 1451 725 1521 στρατόν.
742 1449 889 1522 διελέγοντο

133 1530 219 1590 δὲκαὶ
232 1538 290 1597 ταῖς
302 1537 426 1591 Λατίνων
439 1536 532 1590 πόλεσι
545 1533 605 1608 περί
618 1535 778 1607 συμμαχίας.
792 1530 825 1588 οὐ
837 1536 890 1606 μὴν

133 1621 256 1694 ἐξεγένετό
280 1640 310 1692 γε
323 1615 415 1682 αὐτοῖς
428 1621 519 1690 φιλίαν
547 1617 633 1674 τεκαὶ
648 1619 796 1691 ὁμαιχμίαν
814 1620 890 1687 ποιη-

132 1709 239 1759 οασθαι
259 1705 326 1774 πρὸς
347 1706 376 1758 τὸ
397 1704 486 1767 ἔθνος.
512 1705 610 1778 μαθὼν
637 1706 689 1780 γάρ
703 1707 750 1771 την
765 1703 888 1759 διάνοιαν

131 1785 218 1843 αὐτῶν
230 1789 246 1842 5
263 1797 287 1841 Ί
288 1786 376 1853 ύλλος,
405 1785 502 1890 ἂνογοὶς
513 1790 580 1860 μειοί
606 1791 655 1842 τῶν
670 1789 793 1844 Λατίνων
807 1808 886 1855 ποιη-

131 1874 251 1944 οιίμενος,
266 1872 310 1927 ἐπί
325 1872 435 1935 τούτους
448 1872 512 1948 ἔγνω
526 1875 641 1948 στρατὸν
661 1875 773 1945 ε’ξιίγειν·
799 1892 847 1940 την
860 1893 886 1926 τε

127 1953 262 2027 Ῥωμαίων
281 1953 392 2014 ἅπασαν
413 1958 529 2030 ίύιαμιν
551 1949 720 2022 καθοπλίσας
742 1957 888 2012 διπλασίαν

131 2039 216 2098 οὖσαν
228 2037 323 2112 ι”μίη”
293 2063 338 2113 της
349 2045 493 2118 πρότερον,
520 2048 545 2106 ἐξ
560 2032 593 2100 05
606 2063 654 2113 την
664 2038 794 2115 Λλβανῶν
808 2043 886 2098 πόλει

130 2129 281 2200 προςὲλαβε,
297 2148 343 2182 και
334 2125 459 2185 555⁸
425 2151 477 2185 των
489 2125 574 2184 ἄλλων
588 2129 732 2200 συμμάχων
747 2123 813 2193 ὅσον
823 2130 885 2182 ἐπι-

129 2214 256 2286 κουρικὸν
275 2217 401 2269 πλεῖστον
419 2214 531 2270 ἐίύνατο
551 2215 799 2286 μεταπεμψάμενος.
822 2232 885 2268 συν·

129 2300 194 2364 ἦκτο
207 2296 236 2352 55
251 2295 296 2353 καί
312 2302 368 2360 τοῖς
387 2300 518 2371 Σαβίνοις
544 2295 594 2366 ἤδη
622 2301 655 2352 τοί
681 2297 884 2371 στρατεύματα·

129 2380 175 2435 καί
189 2382 278 2450 ἐπειδη
298 2384 412 2451 πλησίον
431 2384 551 2455 ἐγένοντο
572 2383 631 2456 περὶ
649 2383 696 2449 τήν
717 2383 885 2454 καλουμένην

130 2461 194 2534 ὕλην
209 2464 381 2540 κακούργων,
407 2464 498 2542 ὀλίγον
512 2488 542 2521 το
534 2467 651 2540 μεταξύ
662 2469 763 2542 χωρίον
774 2465 886 2539 οίφίντες

129 2549 465 2655 κατεστρατοπεδεύσαντο.
497 2573 529 2626 τη
550 2547 610 2608 ύ’ἑ
598 2546 686 2621 ἑξῆς
672 2554 758 2627 ημέρηι
777 2571 885 2623 συμπε-

128 2633 217 2698 σόντες
230 2635 368 2707 ἔμιίχοντο,
388 2636 434 2692 καί
446 2657 514 2705 ησαν
528 2633 669 2713 ίσίῤῥσποι
679 2637 758 2719 μίγρι
770 2640 886 2695 πολλοῦ.
