<?xml version="1.0" encoding="UTF-8"?>
<!DOCTYPE html PUBLIC "-//W3C//DTD XHTML 1.0 Transitional//EN"
    "http://www.w3.org/TR/xhtml1/DTD/xhtml1-transitional.dtd">
<html xmlns="http://www.w3.org/1999/xhtml" xml:lang="en" lang="en">
 <head>
  <title>
</title>
<meta http-equiv="Content-Type" content="text/html;charset=utf-8" />
  <meta name='ocr-system' content='tesseract 3.04.00' />
  <meta name='ocr-capabilities' content='ocr_page ocr_carea ocr_par ocr_line ocrx_word'/>
</head>
<body>
  <div class='ocr_page' id='page_1' title='image "./operaomnia00diongoog_0142.png"; bbox 0 0 1890 2970; ppageno 0'>
   <div class='ocr_carea' id='block_1_1' title="bbox 59 130 823 743">
    <p class='ocr_par' dir='ltr' id='par_1_1' title="bbox 60 130 821 402">
     <span class='ocr_line' id='line_1_1' title="bbox 63 130 707 198; baseline 0.002 -14"><span class='ocrx_word' id='word_1_1' title='bbox 63 140 112 198; x_wconf 80' lang='lat'><strong><em>108</em></strong></span> <span class='ocrx_word' id='word_1_2' title='bbox 181 133 341 187; x_wconf 81' lang='lat' dir='ltr'>DIONYSH</span> <span class='ocrx_word' id='word_1_3' title='bbox 359 130 707 186; x_wconf 74' lang='grc' dir='ltr'><strong><em>ιεοτιοΑοαΑεεΕαειο</em></strong></span> 
     </span>
     <span class='ocr_line' id='line_1_2' title="bbox 61 231 821 317; baseline -0.007 -18"><span class='ocrx_word' id='word_1_4' title='bbox 61 241 180 317; x_wconf 78' lang='grc' dir='ltr'><strong><em>τιερίμέν</em></strong></span> <span class='ocrx_word' id='word_1_5' title='bbox 195 231 246 297; x_wconf 83' lang='grc' dir='ltr'><strong><em>σόν</em></strong></span> <span class='ocrx_word' id='word_1_6' title='bbox 259 242 311 298; x_wconf 82' lang='grc' dir='ltr'><strong><em>τῶν</em></strong></span> <span class='ocrx_word' id='word_1_7' title='bbox 325 242 448 298; x_wconf 79' lang='grc' dir='ltr'><strong><em>παλαιῶν</em></strong></span> <span class='ocrx_word' id='word_1_8' title='bbox 469 241 577 297; x_wconf 89' lang='grc' dir='ltr'><strong><em>κτίσεων</em></strong></span> <span class='ocrx_word' id='word_1_9' title='bbox 597 238 678 300; x_wconf 78' lang='grc' dir='ltr'><strong><em>ἱκανοὶ</em></strong></span> <span class='ocrx_word' id='word_1_10' title='bbox 706 234 821 316; x_wconf 73' lang='grc' dir='ltr'><strong><em>ἧγσδμαι</em></strong></span> 
     </span>
     <span class='ocr_line' id='line_1_3' title="bbox 60 327 298 402; baseline 0.004 -20"><span class='ocrx_word' id='word_1_11' title='bbox 60 329 95 383; x_wconf 82' lang='grc' dir='ltr'><strong><em>τοί</em></strong></span> <span class='ocrx_word' id='word_1_12' title='bbox 108 327 298 402; x_wconf 77' lang='grc' dir='ltr'><strong><em>προειρημένα.</em></strong></span> 
     </span>
    </p>

    <p class='ocr_par' dir='ltr' id='par_1_2' title="bbox 59 406 823 743">
     <span class='ocr_line' id='line_1_4' title="bbox 122 406 822 486; baseline -0.003 -18"><span class='ocrx_word' id='word_1_13' title='bbox 122 407 255 471; x_wconf 86' lang='lat' dir='ltr'><strong>LXXIV.</strong></span> <span class='ocrx_word' id='word_1_14' title='bbox 281 412 337 468; x_wconf 84' lang='grc' dir='ltr'><strong><em>Τόν</em></strong></span> <span class='ocrx_word' id='word_1_15' title='bbox 356 410 385 466; x_wconf 81' lang='grc' dir='ltr'><strong><em>δὲ</em></strong></span> <span class='ocrx_word' id='word_1_16' title='bbox 402 413 553 468; x_wconf 80' lang='grc' dir='ltr'><strong><em>τελευταῖον</em></strong></span> <span class='ocrx_word' id='word_1_17' title='bbox 573 414 620 482; x_wconf 74' lang='grc' dir='ltr'><strong><em>τῆς</em></strong></span> <span class='ocrx_word' id='word_1_18' title='bbox 629 406 731 484; x_wconf 78' lang='grc' dir='ltr'><strong><em>Ῥώμης</em></strong></span> <span class='ocrx_word' id='word_1_19' title='bbox 750 411 822 486; x_wconf 81' lang='grc' dir='ltr'><strong><em>γενό·</em></strong></span> 
     </span>
     <span class='ocr_line' id='line_1_5' title="bbox 59 491 823 572; baseline 0 -19"><span class='ocrx_word' id='word_1_20' title='bbox 59 517 140 570; x_wconf 86' lang='grc' dir='ltr'><strong><em>μενον</em></strong></span> <span class='ocrx_word' id='word_1_21' title='bbox 154 493 291 572; x_wconf 76' lang='grc' dir='ltr'><strong><em>οἰκισμόν,</em></strong></span> <span class='ocrx_word' id='word_1_22' title='bbox 313 495 330 566; x_wconf 79' lang='grc' dir='ltr'><strong><em>ἣ</em></strong></span> <span class='ocrx_word' id='word_1_23' title='bbox 345 496 448 564; x_wconf 79' lang='grc' dir='ltr'><strong><em>κτίσιν,</em></strong></span> <span class='ocrx_word' id='word_1_24' title='bbox 463 492 480 565; x_wconf 78' lang='grc' dir='ltr'><em>ἢ</em></span> <span class='ocrx_word' id='word_1_25' title='bbox 494 491 537 551; x_wconf 80' lang='grc' dir='ltr'><strong><em>ὅτι</em></strong></span> <span class='ocrx_word' id='word_1_26' title='bbox 551 496 650 566; x_wconf 82' lang='grc' dir='ltr'><strong><em>δὴιιστε</em></strong></span> <span class='ocrx_word' id='word_1_27' title='bbox 660 496 711 570; x_wconf 70' lang='grc' dir='ltr'><strong><em>χρὴ</em></strong></span> <span class='ocrx_word' id='word_1_28' title='bbox 725 499 823 565; x_wconf 78' lang='grc' dir='ltr'><strong><em>καλεῖν,</em></strong></span> 
     </span>
     <span class='ocr_line' id='line_1_6' title="bbox 65 575 822 656; baseline -0.003 -18"><span class='ocrx_word' id='word_1_29' title='bbox 65 583 177 656; x_wconf 84' lang='grc' dir='ltr'><strong><em>Τίμαιος</em></strong></span> <span class='ocrx_word' id='word_1_30' title='bbox 188 582 265 656; x_wconf 84' lang='grc' dir='ltr'><strong><em>μὲνό</em></strong></span> <span class='ocrx_word' id='word_1_31' title='bbox 280 581 437 652; x_wconf 77' lang='grc' dir='ltr'><strong><em>Σικελιώτης</em></strong></span> <span class='ocrx_word' id='word_1_32' title='bbox 451 577 502 637; x_wconf 76' lang='grc' dir='ltr'><strong><em>οὐκ</em></strong></span> <span class='ocrx_word' id='word_1_33' title='bbox 516 575 568 638; x_wconf 80' lang='grc' dir='ltr'><strong><em>οἷδ’</em></strong></span> <span class='ocrx_word' id='word_1_34' title='bbox 583 580 635 655; x_wconf 79' lang='grc' dir='ltr'><strong><em>ὅτῳ</em></strong></span> <span class='ocrx_word' id='word_1_35' title='bbox 649 583 744 638; x_wconf 80' lang='grc' dir='ltr'><strong><em>κανόνι</em></strong></span> <span class='ocrx_word' id='word_1_36' title='bbox 759 604 822 656; x_wconf 82' lang='grc' dir='ltr'><strong><em>χρη·</em></strong></span> 
     </span>
     <span class='ocr_line' id='line_1_7' title="bbox 60 662 822 743; baseline -0.004 -20"><span class='ocrx_word' id='word_1_37' title='bbox 60 669 182 739; x_wconf 82' lang='grc' dir='ltr'><strong><em>σάμενσς,</em></strong></span> <span class='ocrx_word' id='word_1_38' title='bbox 197 662 255 742; x_wconf 81' lang='grc' dir='ltr'><strong><em>ἅμα</em></strong></span> <span class='ocrx_word' id='word_1_39' title='bbox 268 666 426 743; x_wconf 72' lang='grc' dir='ltr'><strong><em>Καρχηδόνι</em></strong></span> <span class='ocrx_word' id='word_1_40' title='bbox 438 669 576 741; x_wconf 81' lang='grc' dir='ltr'><strong><em>κτιζομένῃ</em></strong></span> <span class='ocrx_word' id='word_1_41' title='bbox 587 668 718 740; x_wconf 81' lang='grc' dir='ltr'><strong><em>γενέσθαι</em></strong></span> <span class='ocrx_word' id='word_1_42' title='bbox 731 666 822 738; x_wconf 84' lang='grc' dir='ltr'><strong><em>φησὶν,</em></strong></span> 
     </span>
    </p>
   </div>
   <div class='ocr_carea' id='block_1_2' title="bbox 59 748 833 2640">
    <p class='ocr_par' dir='ltr' id='par_1_3' title="bbox 60 748 826 2610">
     <span class='ocr_line' id='line_1_8' title="bbox 61 748 822 829; baseline 0 -23"><span class='ocrx_word' id='word_1_43' title='bbox 61 748 149 826; x_wconf 80' lang='grc' dir='ltr'><strong><em>ὀγδόῳ</em></strong></span> <span class='ocrx_word' id='word_1_44' title='bbox 162 751 208 808; x_wconf 85' lang='grc' dir='ltr'><strong><em>καὶ</em></strong></span> <span class='ocrx_word' id='word_1_45' title='bbox 221 753 370 829; x_wconf 75' lang='grc' dir='ltr'><strong><em>τριακοστῷ</em></strong></span> <span class='ocrx_word' id='word_1_46' title='bbox 375 753 506 827; x_wconf 80' lang='grc' dir='ltr'><strong><em>πρότερον</em></strong></span> <span class='ocrx_word' id='word_1_47' title='bbox 514 751 564 808; x_wconf 72' lang='grc' dir='ltr'><strong><em>ἔτει</em></strong></span> <span class='ocrx_word' id='word_1_48' title='bbox 573 751 729 826; x_wconf 79' lang='grc' dir='ltr'><strong><em>τῆςιτρώτης</em></strong></span> <span class='ocrx_word' id='word_1_49' title='bbox 743 748 822 825; x_wconf 84' lang='grc' dir='ltr'><strong><em>ὀλυμ-</em></strong></span> 
     </span>
     <span class='ocr_line' id='line_1_9' title="bbox 60 834 824 913; baseline -0.001 -21"><span class='ocrx_word' id='word_1_50' title='bbox 60 837 166 901; x_wconf 83' lang='grc' dir='ltr'><strong><em>πιάδος.</em></strong></span> <span class='ocrx_word' id='word_1_51' title='bbox 192 836 310 902; x_wconf 81' lang='grc' dir='ltr'><strong><em>Λεόκισς</em></strong></span> <span class='ocrx_word' id='word_1_52' title='bbox 322 837 351 895; x_wconf 78' lang='grc' dir='ltr'><strong><em>δι’</em></strong></span> <span class='ocrx_word' id='word_1_53' title='bbox 365 838 487 911; x_wconf 80' lang='grc' dir='ltr'><strong><em>Κίγκιος,</em></strong></span> <span class='ocrx_word' id='word_1_54' title='bbox 504 834 574 913; x_wconf 77' lang='grc' dir='ltr'><strong><em>ἀνὴρ</em></strong></span> <span class='ocrx_word' id='word_1_55' title='bbox 587 837 638 893; x_wconf 84' lang='grc' dir='ltr'><strong><em>τῶν</em></strong></span> <span class='ocrx_word' id='word_1_56' title='bbox 651 840 679 892; x_wconf 79' lang='grc' dir='ltr'><strong><em>ἐκ</em></strong></span> <span class='ocrx_word' id='word_1_57' title='bbox 694 838 743 892; x_wconf 79' lang='grc' dir='ltr'><strong><em>τοῖν</em></strong></span> <span class='ocrx_word' id='word_1_58' title='bbox 758 837 824 909; x_wconf 76' lang='grc' dir='ltr'><strong><em>βου·</em></strong></span> 
     </span>
     <span class='ocr_line' id='line_1_10' title="bbox 60 922 825 998; baseline -0.001 -21"><span class='ocrx_word' id='word_1_59' title='bbox 60 922 183 978; x_wconf 77' lang='grc' dir='ltr'><strong><em>λευτικοῖι</em></strong></span> <span class='ocrx_word' id='word_1_60' title='bbox 197 922 348 997; x_wconf 74' lang='grc' dir='ltr'><strong><em>συνεδρίου,</em></strong></span> <span class='ocrx_word' id='word_1_61' title='bbox 364 922 424 996; x_wconf 81' lang='grc' dir='ltr'><strong><em>περὶ</em></strong></span> <span class='ocrx_word' id='word_1_62' title='bbox 439 923 469 977; x_wconf 91' lang='grc' dir='ltr'><strong><em>τό</em></strong></span> <span class='ocrx_word' id='word_1_63' title='bbox 490 923 614 998; x_wconf 78' lang='grc' dir='ltr'><strong><em>τέταρτον</em></strong></span> <span class='ocrx_word' id='word_1_64' title='bbox 633 923 693 987; x_wconf 79' lang='grc' dir='ltr'><strong><em>ἴτυς</em></strong></span> <span class='ocrx_word' id='word_1_65' title='bbox 712 925 757 992; x_wconf 79' lang='grc' dir='ltr'><strong><em>τῆς</em></strong></span> <span class='ocrx_word' id='word_1_66' title='bbox 771 922 825 978; x_wconf 83' lang='grc' dir='ltr'><strong><em>δοι-</em></strong></span> 
     </span>
     <span class='ocr_line' id='line_1_11' title="bbox 61 1002 824 1081; baseline 0 -20"><span class='ocrx_word' id='word_1_67' title='bbox 61 1007 173 1077; x_wconf 85' lang='grc' dir='ltr'><strong><em>δεκοίτης</em></strong></span> <span class='ocrx_word' id='word_1_68' title='bbox 186 1002 362 1081; x_wconf 78' lang='grc' dir='ltr'><strong><em>ὀλυμπιάδος.</em></strong></span> <span class='ocrx_word' id='word_1_69' title='bbox 406 1007 506 1063; x_wconf 74' lang='grc' dir='ltr'><strong><em>Κάτων</em></strong></span> <span class='ocrx_word' id='word_1_70' title='bbox 521 1006 549 1062; x_wconf 84' lang='grc' dir='ltr'><strong><em>δὲ</em></strong></span> <span class='ocrx_word' id='word_1_71' title='bbox 569 1008 692 1079; x_wconf 91' lang='grc' dir='ltr'><strong><em>Πόρκιος</em></strong></span> <span class='ocrx_word' id='word_1_72' title='bbox 707 1002 824 1078; x_wconf 77' lang='grc' dir='ltr'><strong><em>Ἕλληνι-</em></strong></span> 
     </span>
     <span class='ocr_line' id='line_1_12' title="bbox 60 1088 825 1167; baseline 0 -21"><span class='ocrx_word' id='word_1_73' title='bbox 60 1093 108 1146; x_wconf 92' lang='grc' dir='ltr'><strong><em>κόν</em></strong></span> <span class='ocrx_word' id='word_1_74' title='bbox 118 1094 169 1166; x_wconf 75' lang='grc' dir='ltr'><strong><em>μὲν</em></strong></span> <span class='ocrx_word' id='word_1_75' title='bbox 180 1088 230 1163; x_wconf 83' lang='grc' dir='ltr'><strong><em>οόχ</em></strong></span> <span class='ocrx_word' id='word_1_76' title='bbox 244 1092 322 1167; x_wconf 82' lang='grc' dir='ltr'><strong><em>ὁρίζει</em></strong></span> <span class='ocrx_word' id='word_1_77' title='bbox 333 1093 449 1166; x_wconf 89' lang='grc' dir='ltr'><strong><em>χρόνον·</em></strong></span> <span class='ocrx_word' id='word_1_78' title='bbox 462 1094 584 1163; x_wconf 74' lang='grc' dir='ltr'><strong><em>ἐπιμελής</em></strong></span> <span class='ocrx_word' id='word_1_79' title='bbox 598 1092 626 1148; x_wconf 83' lang='grc' dir='ltr'><strong><em>δὲ</em></strong></span> <span class='ocrx_word' id='word_1_80' title='bbox 637 1093 788 1166; x_wconf 86' lang='grc' dir='ltr'><strong><em>γενόμενος,</em></strong></span> <span class='ocrx_word' id='word_1_81' title='bbox 803 1088 825 1146; x_wconf 81' lang='grc' dir='ltr'><strong><em>εἶ</em></strong></span> 
     </span>
     <span class='ocr_line' id='line_1_13' title="bbox 61 1173 825 1284; baseline -0.001 -52"><span class='ocrx_word' id='word_1_82' title='bbox 61 1178 108 1233; x_wconf 88' lang='grc' dir='ltr'><strong><em>καί</em></strong></span> <span class='ocrx_word' id='word_1_83' title='bbox 121 1199 159 1242; x_wconf 91' lang='grc' dir='ltr'><strong><em>τις</em></strong></span> <span class='ocrx_word' id='word_1_84' title='bbox 170 1173 256 1244; x_wconf 77' lang='grc' dir='ltr'><strong><em>ἄλλος,</em></strong></span> <span class='ocrx_word' id='word_1_85' title='bbox 272 1175 308 1241; x_wconf 80' lang='grc' dir='ltr'><strong><em>εἷς</em></strong></span> <span class='ocrx_word' id='word_1_86' title='bbox 321 1179 369 1246; x_wconf 79' lang='grc' dir='ltr'><strong><em>την</em></strong></span> <span class='ocrx_word' id='word_1_87' title='bbox 383 1177 544 1284; x_wconf 70' lang='grc' dir='ltr'><strong><em>συναγωγήν</em></strong></span> <span class='ocrx_word' id='word_1_88' title='bbox 564 1180 610 1246; x_wconf 79' lang='grc' dir='ltr'><strong><em>τῆς</em></strong></span> <span class='ocrx_word' id='word_1_89' title='bbox 630 1174 825 1253; x_wconf 77' lang='grc' dir='ltr'><strong><em>οῗρχαιολογσυ·</em></strong></span> 
     </span>
     <span class='ocr_line' id='line_1_14' title="bbox 63 1257 824 1338; baseline -0.003 -20"><span class='ocrx_word' id='word_1_90' title='bbox 63 1265 140 1334; x_wconf 80' lang='grc' dir='ltr'><strong><em>μένης</em></strong></span> <span class='ocrx_word' id='word_1_91' title='bbox 154 1260 282 1338; x_wconf 78' lang='grc' dir='ltr'><strong><em>ἱστορίας,</em></strong></span> <span class='ocrx_word' id='word_1_92' title='bbox 296 1261 380 1318; x_wconf 79' lang='grc' dir='ltr'><strong><em>ἔτεσιν</em></strong></span> <span class='ocrx_word' id='word_1_93' title='bbox 392 1257 541 1333; x_wconf 84' lang='grc' dir='ltr'><strong><em>αποφαίνει</em></strong></span> <span class='ocrx_word' id='word_1_94' title='bbox 555 1259 617 1319; x_wconf 83' lang='grc' dir='ltr'><strong><em>δυσί</em></strong></span> <span class='ocrx_word' id='word_1_95' title='bbox 635 1261 682 1316; x_wconf 87' lang='grc' dir='ltr'><strong><em>καὶ</em></strong></span> <span class='ocrx_word' id='word_1_96' title='bbox 701 1264 824 1334; x_wconf 80' lang='grc' dir='ltr'><strong><em>τριόκον·</em></strong></span> 
     </span>
     <span class='ocr_line' id='line_1_15' title="bbox 63 1341 824 1446; baseline 0 -45"><span class='ocrx_word' id='word_1_97' title='bbox 63 1367 95 1401; x_wconf 86' lang='grc' dir='ltr'><strong><em>τα</em></strong></span> <span class='ocrx_word' id='word_1_98' title='bbox 109 1345 155 1403; x_wconf 87' lang='grc' dir='ltr'><strong><em>και</em></strong></span> <span class='ocrx_word' id='word_1_99' title='bbox 168 1347 354 1446; x_wconf 76' lang='grc' dir='ltr'><strong><em>τετρακοσίοις</em></strong></span> <span class='ocrx_word' id='word_1_100' title='bbox 373 1345 538 1421; x_wconf 75' lang='grc' dir='ltr'><strong><em>ὑστεροῦσαν</em></strong></span> <span class='ocrx_word' id='word_1_101' title='bbox 557 1349 608 1401; x_wconf 78' lang='grc' dir='ltr'><strong><em>τῶν</em></strong></span> <span class='ocrx_word' id='word_1_102' title='bbox 619 1341 746 1402; x_wconf 83' lang='grc' dir='ltr'><strong><em>Ἰλιακῶν.</em></strong></span> <span class='ocrx_word' id='word_1_103' title='bbox 767 1345 824 1402; x_wconf 90' lang='grc' dir='ltr'><strong><em>οδε</em></strong></span> 
     </span>
     <span class='ocr_line' id='line_1_16' title="bbox 59 1419 825 1507; baseline 0 -21"><span class='ocrx_word' id='word_1_104' title='bbox 59 1419 203 1505; x_wconf 79' lang='grc' dir='ltr'><strong><em>χρόνος</em></strong></span> <span class='ocrx_word' id='word_1_105' title='bbox 170 1452 250 1496; x_wconf 84' lang='grc' dir='ltr'><strong><em>ουτος</em></strong></span> <span class='ocrx_word' id='word_1_106' title='bbox 264 1429 461 1507; x_wconf 77' lang='grc' dir='ltr'><strong><em>αναμετρηθείς</em></strong></span> <span class='ocrx_word' id='word_1_107' title='bbox 474 1436 533 1494; x_wconf 82' lang='grc' dir='ltr'><strong><em>ταῖς</em></strong></span> <span class='ocrx_word' id='word_1_108' title='bbox 540 1426 752 1504; x_wconf 74' lang='grc' dir='ltr'><strong><em>Ερατοσθένους</em></strong></span> <span class='ocrx_word' id='word_1_109' title='bbox 762 1452 825 1504; x_wconf 80' lang='grc' dir='ltr'><strong><em>χρσ·</em></strong></span> 
     </span>
     <span class='ocr_line' id='line_1_17' title="bbox 63 1515 825 1617; baseline -0.001 -45"><span class='ocrx_word' id='word_1_110' title='bbox 63 1519 231 1593; x_wconf 86' lang='grc' dir='ltr'><strong><em>νογραφίαις,</em></strong></span> <span class='ocrx_word' id='word_1_111' title='bbox 247 1537 315 1571; x_wconf 85' lang='grc' dir='ltr'><strong><em>κατα</em></strong></span> <span class='ocrx_word' id='word_1_112' title='bbox 309 1518 359 1571; x_wconf 88' lang='grc' dir='ltr'><strong><em>τό</em></strong></span> <span class='ocrx_word' id='word_1_113' title='bbox 375 1519 480 1590; x_wconf 82' lang='grc' dir='ltr'><strong><em>πρῶτον</em></strong></span> <span class='ocrx_word' id='word_1_114' title='bbox 499 1515 556 1617; x_wconf 80' lang='grc' dir='ltr'><strong><em>ίτρς</em></strong></span> <span class='ocrx_word' id='word_1_115' title='bbox 575 1518 666 1572; x_wconf 78' lang='grc' dir='ltr'><strong><em>πίπτει</em></strong></span> <span class='ocrx_word' id='word_1_116' title='bbox 679 1520 725 1587; x_wconf 75' lang='grc' dir='ltr'><strong><em>τῆς</em></strong></span> <span class='ocrx_word' id='word_1_117' title='bbox 743 1515 825 1589; x_wconf 73' lang='grc' dir='ltr'><strong><em>ἑβδό-</em></strong></span> 
     </span>
     <span class='ocr_line' id='line_1_18' title="bbox 60 1592 825 1675; baseline -0.022 -2"><span class='ocrx_word' id='word_1_118' title='bbox 60 1623 113 1672; x_wconf 59' lang='grc' dir='ltr'><strong><em>μηδ</em></strong></span> <span class='ocrx_word' id='word_1_119' title='bbox 126 1595 335 1675; x_wconf 77' lang='grc' dir='ltr'><strong><em>όλυμιιιοὶδος.”</em></strong></span> <span class='ocrx_word' id='word_1_120' title='bbox 318 1621 361 1655; x_wconf 90' lang='grc' dir='ltr'><strong><em>οτι</em></strong></span> <span class='ocrx_word' id='word_1_121' title='bbox 382 1598 449 1658; x_wconf 81' lang='grc' dir='ltr'><strong><em>δι”</em></strong></span> <span class='ocrx_word' id='word_1_122' title='bbox 427 1621 495 1656; x_wconf 86' lang='grc' dir='ltr'><strong><em>ειοιν</em></strong></span> <span class='ocrx_word' id='word_1_123' title='bbox 510 1622 536 1656; x_wconf 90' lang='grc' dir='ltr'><strong><em>οι</em></strong></span> <span class='ocrx_word' id='word_1_124' title='bbox 527 1598 694 1666; x_wconf 68' lang='grc' dir='ltr'><strong><em>’κανόνες’</em></strong></span> <span class='ocrx_word' id='word_1_125' title='bbox 685 1621 766 1675; x_wconf 83' lang='grc' dir='ltr'><strong><em>υγιεις</em></strong></span> <span class='ocrx_word' id='word_1_126' title='bbox 787 1592 825 1663; x_wconf 84' lang='grc' dir='ltr'><strong><em>οἷς</em></strong></span> 
     </span>
     <span class='ocr_line' id='line_1_19' title="bbox 60 1681 824 1760; baseline -0.007 -16.967"><span class='ocrx_word' id='word_1_127' title='bbox 60 1681 258 1760; x_wconf 76' lang='grc' dir='ltr'><strong><em>Ερατοσθένης</em></strong></span> <span class='ocrx_word' id='word_1_128' title='bbox 276 1689 415 1760; x_wconf 82' lang='grc' dir='ltr'><strong><em>κέχρηται,</em></strong></span> <span class='ocrx_word' id='word_1_129' title='bbox 438 1684 484 1741; x_wconf 81' lang='grc' dir='ltr'><strong><em>καὶ</em></strong></span> <span class='ocrx_word' id='word_1_130' title='bbox 502 1687 555 1749; x_wconf 79' lang='grc' dir='ltr'><strong><em>πῶς</em></strong></span> <span class='ocrx_word' id='word_1_131' title='bbox 568 1681 602 1739; x_wconf 81' lang='grc' dir='ltr'><strong><em>όν</em></strong></span> <span class='ocrx_word' id='word_1_132' title='bbox 616 1706 655 1751; x_wconf 86' lang='grc' dir='ltr'><strong><em>τις</em></strong></span> <span class='ocrx_word' id='word_1_133' title='bbox 669 1683 824 1743; x_wconf 72' lang='grc' dir='ltr'><strong><em>ἀπευθύνοι</em></strong></span> 
     </span>
     <span class='ocr_line' id='line_1_20' title="bbox 62 1764 824 1846; baseline -0.001 -20"><span class='ocrx_word' id='word_1_134' title='bbox 62 1772 125 1835; x_wconf 78' lang='grc' dir='ltr'><strong><em>τοὺς</em></strong></span> <span class='ocrx_word' id='word_1_135' title='bbox 137 1764 274 1843; x_wconf 79' lang='grc' dir='ltr'><strong><em>Ῥωμαίων</em></strong></span> <span class='ocrx_word' id='word_1_136' title='bbox 287 1772 403 1846; x_wconf 88' lang='grc' dir='ltr'><strong><em>χρόνους</em></strong></span> <span class='ocrx_word' id='word_1_137' title='bbox 409 1811 417 1836; x_wconf 94' lang='grc'><strong><em>,</em></strong></span> <span class='ocrx_word' id='word_1_138' title='bbox 442 1771 509 1844; x_wconf 79' lang='grc' dir='ltr'><strong><em>πρός</em></strong></span> <span class='ocrx_word' id='word_1_139' title='bbox 535 1771 598 1835; x_wconf 78' lang='grc' dir='ltr'><strong><em>τοὺς</em></strong></span> <span class='ocrx_word' id='word_1_140' title='bbox 608 1764 784 1841; x_wconf 77' lang='grc' dir='ltr'><strong><em>Ἑλληνικοδς,</em></strong></span> <span class='ocrx_word' id='word_1_141' title='bbox 798 1775 824 1826; x_wconf 84' lang='grc' dir='ltr'><strong><em>ίν</em></strong></span> 
     </span>
     <span class='ocr_line' id='line_1_21' title="bbox 63 1851 825 1929; baseline 0 -18"><span class='ocrx_word' id='word_1_142' title='bbox 63 1857 141 1929; x_wconf 77' lang='grc' dir='ltr'><strong><em>ἑτὲριρ</em></strong></span> <span class='ocrx_word' id='word_1_143' title='bbox 155 1855 300 1926; x_wconf 73' lang='grc' dir='ltr'><strong><em>δεδήλωταί</em></strong></span> <span class='ocrx_word' id='word_1_144' title='bbox 312 1853 361 1928; x_wconf 85' lang='grc' dir='ltr'><strong><em>μοι</em></strong></span> <span class='ocrx_word' id='word_1_145' title='bbox 375 1857 453 1929; x_wconf 85' lang='grc' dir='ltr'><strong><em>λόγῳ.</em></strong></span> <span class='ocrx_word' id='word_1_146' title='bbox 472 1851 505 1910; x_wconf 79' lang='grc' dir='ltr'><strong><em>οὗ</em></strong></span> <span class='ocrx_word' id='word_1_147' title='bbox 518 1857 572 1928; x_wconf 74' lang='grc' dir='ltr'><strong><em>γάρ</em></strong></span> <span class='ocrx_word' id='word_1_148' title='bbox 585 1851 688 1924; x_wconf 80' lang='grc' dir='ltr'><strong><em>ἠξίουν,</em></strong></span> <span class='ocrx_word' id='word_1_149' title='bbox 707 1854 741 1919; x_wconf 83' lang='grc' dir='ltr'><strong><em>ὡς</em></strong></span> <span class='ocrx_word' id='word_1_150' title='bbox 760 1865 825 1911; x_wconf 84' lang='grc' dir='ltr'><strong><em>Πο-</em></strong></span> 
     </span>
     <span class='ocr_line' id='line_1_22' title="bbox 61 1935 823 2015; baseline -0.001 -21"><span class='ocrx_word' id='word_1_151' title='bbox 61 1940 155 2012; x_wconf 75' lang='grc' dir='ltr'><strong><em>λύβιος</em></strong></span> <span class='ocrx_word' id='word_1_152' title='bbox 179 1941 448 2015; x_wconf 86' lang='grc' dir='ltr'><strong><em>ὁΜεγαλοιιολίτης,</em></strong></span> <span class='ocrx_word' id='word_1_153' title='bbox 476 1942 611 1996; x_wconf 77' lang='grc' dir='ltr'><strong><em>τοσοῦτον.</em></strong></span> <span class='ocrx_word' id='word_1_154' title='bbox 633 1941 719 2012; x_wconf 93' lang='grc' dir='ltr'><strong><em>μόνον</em></strong></span> <span class='ocrx_word' id='word_1_155' title='bbox 732 1935 823 2006; x_wconf 84' lang='grc' dir='ltr'><strong><em>είτιείν,</em></strong></span> 
     </span>
     <span class='ocr_line' id='line_1_23' title="bbox 61 2020 826 2098; baseline -0.001 -17"><span class='ocrx_word' id='word_1_156' title='bbox 61 2020 106 2081; x_wconf 87' lang='grc' dir='ltr'><strong><em>ότι</em></strong></span> <span class='ocrx_word' id='word_1_157' title='bbox 119 2029 190 2080; x_wconf 81' lang='grc' dir='ltr'><strong><em>κατοί</em></strong></span> <span class='ocrx_word' id='word_1_158' title='bbox 204 2028 234 2080; x_wconf 91' lang='grc' dir='ltr'><strong><em>τό</em></strong></span> <span class='ocrx_word' id='word_1_159' title='bbox 249 2025 371 2098; x_wconf 79' lang='grc' dir='ltr'><strong><em>δείτερον</em></strong></span> <span class='ocrx_word' id='word_1_160' title='bbox 385 2023 443 2090; x_wconf 74' lang='grc' dir='ltr'><strong><em>ἔτος</em></strong></span> <span class='ocrx_word' id='word_1_161' title='bbox 456 2028 503 2096; x_wconf 77' lang='grc' dir='ltr'><strong><em>τῆς</em></strong></span> <span class='ocrx_word' id='word_1_162' title='bbox 523 2024 640 2098; x_wconf 74' lang='grc' dir='ltr'><strong><em>ἑβδόμης</em></strong></span> <span class='ocrx_word' id='word_1_163' title='bbox 659 2020 826 2096; x_wconf 75' lang='grc' dir='ltr'><strong><em>ὀλυμπιάδος</em></strong></span> 
     </span>
     <span class='ocr_line' id='line_1_24' title="bbox 61 2105 825 2211; baseline -0.004 -45"><span class='ocrx_word' id='word_1_164' title='bbox 61 2111 110 2179; x_wconf 76' lang='grc' dir='ltr'><strong><em>την</em></strong></span> <span class='ocrx_word' id='word_1_165' title='bbox 118 2106 220 2182; x_wconf 81' lang='grc' dir='ltr'><strong><em>Ῥώμην</em></strong></span> <span class='ocrx_word' id='word_1_166' title='bbox 234 2110 359 2164; x_wconf 73' lang='grc' dir='ltr'><strong><em>ἐκτίσθαι</em></strong></span> <span class='ocrx_word' id='word_1_167' title='bbox 373 2112 521 2182; x_wconf 80' lang='grc' dir='ltr'><strong><em>πείθομαι·</em></strong></span> <span class='ocrx_word' id='word_1_168' title='bbox 540 2105 597 2165; x_wconf 79' lang='grc' dir='ltr'><strong><em>οὔδ’</em></strong></span> <span class='ocrx_word' id='word_1_169' title='bbox 616 2109 661 2166; x_wconf 79' lang='grc' dir='ltr'><strong><em>ἐπί</em></strong></span> <span class='ocrx_word' id='word_1_170' title='bbox 680 2112 728 2165; x_wconf 75' lang='grc' dir='ltr'><strong><em>τοῦ</em></strong></span> <span class='ocrx_word' id='word_1_171' title='bbox 750 2110 825 2211; x_wconf 83' lang='grc' dir='ltr'><strong><em>νταροί</em></strong></span> 
     </span>
     <span class='ocr_line' id='line_1_25' title="bbox 61 2189 825 2298; baseline 0.001 -48"><span class='ocrx_word' id='word_1_172' title='bbox 61 2199 118 2260; x_wconf 85' lang='grc' dir='ltr'><strong><em>τοῖς</em></strong></span> <span class='ocrx_word' id='word_1_173' title='bbox 128 2189 275 2269; x_wconf 79' lang='grc' dir='ltr'><strong><em>Ἀγχισεῒισι</em></strong></span> <span class='ocrx_word' id='word_1_174' title='bbox 288 2196 410 2265; x_wconf 83' lang='grc' dir='ltr'><strong><em>κειμένου</em></strong></span> <span class='ocrx_word' id='word_1_175' title='bbox 423 2196 536 2260; x_wconf 85' lang='grc' dir='ltr'><strong><em>πίνακος</em></strong></span> <span class='ocrx_word' id='word_1_176' title='bbox 548 2196 606 2261; x_wconf 81' lang='grc' dir='ltr'><strong><em>ἑνός</em></strong></span> <span class='ocrx_word' id='word_1_177' title='bbox 619 2216 664 2250; x_wconf 92' lang='grc' dir='ltr'><strong><em>και</em></strong></span> <span class='ocrx_word' id='word_1_178' title='bbox 654 2193 808 2298; x_wconf 88' lang='grc' dir='ltr'><strong><em>μόνου</em></strong></span> <span class='ocrx_word' id='word_1_179' title='bbox 777 2216 825 2265; x_wconf 91' lang='grc' dir='ltr'><strong><em>την</em></strong></span> 
     </span>
     <span class='ocr_line' id='line_1_26' title="bbox 62 2275 823 2352; baseline 0.001 -18"><span class='ocrx_word' id='word_1_180' title='bbox 62 2281 152 2336; x_wconf 86' lang='grc' dir='ltr'><strong><em>πίστιν</em></strong></span> <span class='ocrx_word' id='word_1_181' title='bbox 166 2277 352 2352; x_wconf 74' lang='grc' dir='ltr'><strong><em>αβασοίνιστον</em></strong></span> <span class='ocrx_word' id='word_1_182' title='bbox 367 2275 519 2346; x_wconf 86' lang='grc' dir='ltr'><strong><em>αττσλιτεεῖν,</em></strong></span> <span class='ocrx_word' id='word_1_183' title='bbox 545 2276 615 2335; x_wconf 80' lang='grc' dir='ltr'><strong><em>οἷλλοί</em></strong></span> <span class='ocrx_word' id='word_1_184' title='bbox 640 2280 704 2344; x_wconf 80' lang='grc' dir='ltr'><strong><em>τούς</em></strong></span> <span class='ocrx_word' id='word_1_185' title='bbox 728 2283 823 2337; x_wconf 81' lang='grc' dir='ltr'><strong><em>ίντιλσ-</em></strong></span> 
     </span>
     <span class='ocr_line' id='line_1_27' title="bbox 62 2357 825 2467; baseline 0.003 -49"><span class='ocrx_word' id='word_1_186' title='bbox 62 2365 184 2436; x_wconf 82' lang='grc' dir='ltr'><strong><em>γιομοός,</em></strong></span> <span class='ocrx_word' id='word_1_187' title='bbox 212 2357 260 2428; x_wconf 80' lang='grc' dir='ltr'><strong><em>οὓς</em></strong></span> <span class='ocrx_word' id='word_1_188' title='bbox 273 2359 356 2428; x_wconf 73' lang='grc' dir='ltr'><strong><em>αὐτὸς</em></strong></span> <span class='ocrx_word' id='word_1_189' title='bbox 374 2361 565 2467; x_wconf 76' lang='grc' dir='ltr'><strong><em>προεθίμην’</em></strong></span> <span class='ocrx_word' id='word_1_190' title='bbox 543 2386 578 2430; x_wconf 85' lang='grc' dir='ltr'><strong><em>εις</em></strong></span> <span class='ocrx_word' id='word_1_191' title='bbox 590 2365 681 2437; x_wconf 77' lang='grc' dir='ltr'><strong><em>μέσον,</em></strong></span> <span class='ocrx_word' id='word_1_192' title='bbox 696 2363 825 2466; x_wconf 72' lang='grc' dir='ltr'><strong><em>ὑπερδί-</em></strong></span> 
     </span>
     <span class='ocr_line' id='line_1_28' title="bbox 64 2445 826 2524; baseline 0.004 -24"><span class='ocrx_word' id='word_1_193' title='bbox 64 2467 127 2509; x_wconf 85' lang='grc' dir='ltr'><strong><em>νους</em></strong></span> <span class='ocrx_word' id='word_1_194' title='bbox 139 2452 195 2513; x_wconf 82' lang='grc' dir='ltr'><strong><em>τοῖς</em></strong></span> <span class='ocrx_word' id='word_1_195' title='bbox 204 2450 419 2521; x_wconf 74' lang='grc' dir='ltr'><strong><em>βουληθεῖσιν’</em></strong></span> <span class='ocrx_word' id='word_1_196' title='bbox 405 2450 556 2523; x_wconf 80' lang='grc' dir='ltr'><strong><em>εσομὲνσυς,</em></strong></span> <span class='ocrx_word' id='word_1_197' title='bbox 572 2445 756 2524; x_wconf 58' lang='grc' dir='ltr'><strong><em>ἐξενεγκεῖν*</em></strong></span> <span class='ocrx_word' id='word_1_198' title='bbox 741 2472 758 2519; x_wconf 92' lang='grc' dir='ltr'><strong><em>η</em></strong></span> <span class='ocrx_word' id='word_1_199' title='bbox 775 2469 826 2523; x_wconf 90' lang='grc' dir='ltr'><strong><em>μεν</em></strong></span> 
     </span>
     <span class='ocr_line' id='line_1_29' title="bbox 62 2517 833 2640; baseline -0.001 -54"><span class='ocrx_word' id='word_1_200' title='bbox 62 2517 113 2586; x_wconf 78' lang='grc' dir='ltr'><strong><em>σίν</em></strong></span> <span class='ocrx_word' id='word_1_201' title='bbox 125 2528 251 2605; x_wconf 81' lang='grc' dir='ltr'><strong><em>ιίκρίβιια</em></strong></span> <span class='ocrx_word' id='word_1_202' title='bbox 261 2535 292 2589; x_wconf 75' lang='grc' dir='ltr'><strong><em>ἐν</em></strong></span> <span class='ocrx_word' id='word_1_203' title='bbox 306 2533 401 2610; x_wconf 73' lang='grc' dir='ltr'><strong><em>ἐκείνην</em></strong></span> <span class='ocrx_word' id='word_1_204' title='bbox 421 2532 601 2613; x_wconf 85' lang='grc' dir='ltr'><strong><em>δηλουται</em></strong></span> <span class='ocrx_word' id='word_1_205' title='bbox 567 2555 604 2608; x_wconf 82' lang='grc' dir='ltr'><strong><em>τιρ</em></strong></span> <span class='ocrx_word' id='word_1_206' title='bbox 622 2535 707 2640; x_wconf 77' lang='grc' dir='ltr'><strong><em>λόγιρ</em></strong></span> <span class='ocrx_word' id='word_1_207' title='bbox 727 2533 833 2600; x_wconf 61' lang='grc' dir='ltr'><strong><em>λεχθείη-</em></strong></span> 
     </span>
    </p>
   </div>
   <div class='ocr_carea' id='block_1_3' title="bbox 29 2612 852 2792">
    <p class='ocr_par' dir='ltr' id='par_1_4' title="bbox 29 2612 852 2792">
     <span class='ocr_line' id='line_1_30' title="bbox 29 2612 852 2792; baseline -0.006 -118"><span class='ocrx_word' id='word_1_208' title='bbox 29 2612 225 2792; x_wconf 53' lang='lat' dir='ltr'><strong><em>‘imvm</em></strong></span> <span class='ocrx_word' id='word_1_209' title='bbox 235 2617 289 2678; x_wconf 78' lang='grc' dir='ltr'><strong><em>διιί</em></strong></span> <span class='ocrx_word' id='word_1_210' title='bbox 314 2619 398 2694; x_wconf 76' lang='grc' dir='ltr'><strong><em>τῆσδε</em></strong></span> <span class='ocrx_word' id='word_1_211' title='bbox 427 2625 476 2699; x_wconf 85' lang='grc' dir='ltr'><strong><em>της</em></strong></span> <span class='ocrx_word' id='word_1_212' title='bbox 496 2621 699 2703; x_wconf 78' lang='grc' dir='ltr'><strong><em>πραγματείας</em></strong></span> <span class='ocrx_word' id='word_1_213' title='bbox 726 2611 852 2672; x_wconf 55' lang='lat' dir='ltr'>ubuum</span> 
     </span>
    </p>
   </div>
   <div class='ocr_carea' id='block_1_4' title="bbox 0 0 952 2970">
    <p class='ocr_par' dir='ltr' id='par_1_5' title="bbox 0 0 952 2970">
     <span class='ocr_line' id='line_1_31' title="bbox 0 0 952 2970; baseline 0 0"><span class='ocrx_word' id='word_1_214' title='bbox 0 0 952 2970; x_wconf 95' lang='lat' dir='ltr'><strong><em> </em></strong></span> 
     </span>
    </p>
   </div>
  </div>
 </body>
</html>
