1890 2970
106 144 141 208 τε
224 140 385 195 οεοωνεα
400 138 747 194 αεττοιεεωιεεσωειε

102 249 206 318 μονίοις
219 244 273 313 τισλ
282 247 374 317 χόλοις
397 250 604 320 ἐλαστρηθέντες
611 289 620 315 ,
645 246 673 303 οί
683 247 732 320 μέν
745 245 799 302 ύιτδ
812 246 863 303 τύλν

102 334 187 389 θείων
213 334 372 406 συμφορῶν,
413 330 441 388 ολ
465 332 494 388 δέ
519 331 571 389 ύπδ
597 335 649 388 τῶν
681 329 863 409 προσοικούν-

101 438 153 473 των
184 419 339 523 βαρβάρων
361 417 567 521 ἐξεφθάρησαν·
611 418 643 473 τδ
681 417 710 473 δέ
741 418 863 474 πλεῖστον

102 498 191 559 αὐτῶν
215 505 295 579 μέρος
317 500 353 568 είς
375 504 423 571 viv
445 497 562 559 Ελλάδα
586 502 633 559 ιιαλ
655 503 704 572 την
721 503 864 577 βάρβαρον

102 575 188 652 αύθις
201 587 364 656 ἐσκεδάσθη.
357 586 440 664 ,περὶ
461 574 496 642 ὧν
522 583 652 651 πολύςάν
665 589 705 656 εἴη
730 582 865 662 λόγος’
843 606 865 641 ει

101 674 251 746 βουλοίμην
267 675 316 743 νην
330 670 471 774 ολιιρίβειαν
483 673 607 747 γράφειν.
623 668 715 746 ὀλίγον
742 671 770 727 δὲ
787 673 864 728 κατέ·

100 779 198 860 μεινεν
200 762 228 814 ίν
240 754 348 832 Ἰταλίᾳ,
365 758 417 813 τῶν
431 751 600 831 Ἀβοριγίνων
612 757 737 831 προνοίη.
759 758 865 832 πρῶτον

101 844 150 915 μέν
165 830 215 899 σύν
229 846 276 912 τῆς
290 839 474 917 οἰκοφθορίας
486 843 658 906 τοίςπύλεσιν
672 836 808 898 ε’δόκει’
772 839 866 916 αυημρῖ

100 951 117 997 η
130 952 164 1003 γη
150 921 369 984 ”ιιαιιωθεῖσα”
350 929 437 1029 αρξαι,
452 922 530 996 ηνίιια
544 921 602 984 οὔτ’
621 924 666 983 ἐπὶ
678 929 736 991 τοῖς
755 925 865 998 δένδρε-

102 1014 246 1085 σικαρπδς
260 1007 460 1085 ούδελςῶραῖος
485 1012 616 1084 γενέσθαι
643 1011 781 1085 διέμεινεν,
808 1004 864 1083 άλλ’

101 1094 169 1169 ὧμολ
190 1098 347 1170 κατέρρεον·
375 1091 440 1153 οὔθ’
467 1095 557 1156 δπόσα
583 1098 742 1172 σπερμάτων
768 1092 865 1153 άνέντα

100 1182 236 1257 βλαστούς
249 1179 432 1250 άνθὴσιιεν,”
416 1203 463 1246 εως
476 1181 591 1250 στάχυος
607 1179 693 1284 άκμης
715 1180 778 1244 τούς
795 1181 864 1236 ιιατολ

100 1269 185 1341 νόμον
198 1267 316 1368 ἐπλήρου
328 1267 458 1341 χρόνους·
477 1259 541 1322 ούτε
561 1267 617 1320 πόα
629 1267 752 1334 κτήνεσιν
766 1264 863 1335 ἐφύετο

34 1396 38 1403 .
102 1352 225 1425 διαρκής·
240 1353 331 1407 τῶντε
357 1352 481 1422 ναμάτων
501 1352 534 1406 τά
552 1352 601 1424 μέν
620 1345 710 1407 ούιιέτι
732 1344 863 1407 πίνεσθαι

102 1423 270 1492 σπουδαια
255 1455 300 1504 ην
328 1430 398 1490 τάδ’
414 1434 577 1508 υττελιμπανε
592 1437 705 1508 θερους,
732 1430 851 1491 τάδΗ
827 1457 863 1500 εις

101 1524 174 1585 τέλος
187 1517 378 1592 ἀπεσβέννυτο.
406 1517 509 1590 άδελφά
522 1520 550 1575 δὲ
565 1520 671 1585 τούτοις
689 1518 788 1594 έγίνετο
802 1519 863 1594 περί

101 1627 128 1660 τε
142 1607 288 1680 προβάτων
301 1604 347 1661 καλ
359 1607 494 1678 γυναικῶν
506 1607 597 1680 γονάς.
617 1627 634 1674 η
647 1607 700 1680 γάρ
712 1607 862 1680 ἐξημβλοῦ-

101 1711 132 1744 το
146 1693 179 1745 τά
205 1689 324 1762 ἔμβρυα,
350 1687 367 1758 ἢ
386 1690 456 1744 ιιατολ
479 1689 542 1754 τούς
561 1692 656 1757 τόνους
681 1691 860 1766 διεφθείρετο,

102 1767 204 1832 έστινολ
217 1773 263 1827 καλ
276 1778 322 1840 τάς
335 1772 473 1847 φερούσας
493 1773 771 1848 συνδιαλυμηνάμενα.
794 1777 819 1831 εἰ
832 1773 874 1848 δι’Υ

103 1879 128 1912 τι
142 1856 273 1958 διαφύγοι
288 1861 335 1913 τὸν
348 1862 376 1913 ἐκ
390 1859 442 1913 τῶν
455 1854 556 1915 ωδινων
563 1859 725 1928 κινδυνον
711 1881 831 1935 εμπηρον
843 1882 859 1930 η

103 1938 225 2007 άτελέςᾙ
215 1962 231 2010 η
225 1937 328 1998 “’”λδι
294 1965 311 1997 α
315 1945 377 2046 λλην
390 1944 450 1998 τινά
464 1944 547 2050 τύγην
559 1929 695 2018 βλαφθὲν,
708 1948 860 2020 τρέφεσθαι

99 2028 215 2101 χρηστὸν
229 2022 279 2082 οὐκ
292 2049 333 2096 ην.
349 2027 438 2084 ἔπειτα
459 2028 504 2084 ιιολ
517 2031 547 2084 τὸ
562 2025 627 2086 ἄλλο
641 2033 762 2100 πλῆθος,
788 2031 819 2086 τδ
833 2031 861 2084 έν

102 2109 174 2214 άνμη
163 2112 340 2184 μάλισταβ
327 2114 458 2169 ειιυκούτο
473 2115 562 2178 νδοοις
576 2137 622 2172 ναι
611 2114 767 2180 θανάτοις
785 2113 860 2195 παρά

99 2193 236 2252 τάεῖιιότα
262 2199 377 2267 συχνοῖς
403 2196 647 2270 μαντευομένοιςδ
674 2194 776 2267 αύτοῖς,
801 2187 860 2254 τίνοι

101 2278 200 2336 θεῶν“
184 2303 201 2386 η
214 2281 348 2354 δαιμόνων
364 2285 537 2357 παραβάντες
557 2284 620 2339 τάδε
640 2287 787 2355 πάσχουσι,
814 2281 860 2341 καλ

100 2365 126 2419 τί
139 2367 283 2436 ποιηυασιν
297 2362 390 2432 αύτοῖς
400 2371 523 2438 λωφῆσαι
537 2388 570 2423 τα
563 2369 658 2426 δεινά
673 2371 752 2436 έλπλς,
769 2391 784 2425 ο
774 2368 860 2432 θεος

99 2446 247 2516 άνεῖλεν,“
230 2472 273 2507 οτι
290 2440 450 2520 τυχόντες
431 2473 466 2506 ων
484 2450 679 2560 ἐβούλοντρ’
646 2475 696 2511 ουιι
721 2451 858 2510 άπέδοσαν

88 2527 243 2600 hetam,
261 2532 334 2591 α’λλοί
352 2537 571 2683 προσοφείλουσι
591 2539 626 2598 τά
644 2539 770 2597 πλελστου
791 2533 864 2600 ἆξαι

67 2608 168 2686 ‘'¹de
176 2619 377 2695 llelaayol,
352 2626 448 2705 αφορί
446 2649 484 2694 ας
509 2620 613 2696 αύτοις
637 2627 788 2702 γενομένης
800 2625 831 2677 λυ
844 2638 880 2688 τη

29 2698 88 2802 Ι
