<?xml version="1.0" encoding="UTF-8"?>
<!DOCTYPE html PUBLIC "-//W3C//DTD XHTML 1.0 Transitional//EN"
    "http://www.w3.org/TR/xhtml1/DTD/xhtml1-transitional.dtd">
<html xmlns="http://www.w3.org/1999/xhtml" xml:lang="en" lang="en">
 <head>
  <title>
</title>
<meta http-equiv="Content-Type" content="text/html;charset=utf-8" />
  <meta name='ocr-system' content='tesseract 3.04.00' />
  <meta name='ocr-capabilities' content='ocr_page ocr_carea ocr_par ocr_line ocrx_word'/>
</head>
<body>
  <div class='ocr_page' id='page_1' title='image "./operaomnia00diongoog_0663.png"; bbox 0 0 1890 2970; ppageno 0'>
   <div class='ocr_carea' id='block_1_1' title="bbox 163 113 809 183">
    <p class='ocr_par' dir='ltr' id='par_1_1' title="bbox 163 113 809 183">
     <span class='ocr_line' id='line_1_1' title="bbox 163 113 809 183; baseline 0.006 -14"><span class='ocrx_word' id='word_1_1' title='bbox 163 113 433 183; x_wconf 74' lang='lat' dir='ltr'><strong>ANTIQVITATVM</strong></span> <span class='ocrx_word' id='word_1_2' title='bbox 452 115 586 172; x_wconf 75' lang='grc' dir='ltr'><strong><em>ιιοωεεε.</em></strong></span> <span class='ocrx_word' id='word_1_3' title='bbox 603 121 709 172; x_wconf 37' lang='grc' dir='ltr'><strong><em>τιυην</em></strong></span> <span class='ocrx_word' id='word_1_4' title='bbox 760 127 809 183; x_wconf 92' lang='grc'><strong><em>177</em></strong></span> 
     </span>
    </p>
   </div>
   <div class='ocr_carea' id='block_1_2' title="bbox 62 216 810 356">
    <p class='ocr_par' dir='ltr' id='par_1_2' title="bbox 62 216 810 336">
     <span class='ocr_line' id='line_1_2' title="bbox 62 216 810 331; baseline 0.003 -60"><span class='ocrx_word' id='word_1_5' title='bbox 62 223 197 281; x_wconf 63' lang='lat' dir='ltr'><strong><em>Porsena,</em></strong></span> <span class='ocrx_word' id='word_1_6' title='bbox 214 216 367 331; x_wconf 50' lang='lat' dir='ltr'><strong><em>repudialtzis</em></strong></span> <span class='ocrx_word' id='word_1_7' title='bbox 395 220 562 298; x_wconf 74' lang='lat' dir='ltr'><em>Tarquiniis,</em></span> <span class='ocrx_word' id='word_1_8' title='bbox 589 221 733 291; x_wconf 75' lang='lat' dir='ltr'><em>magnifice</em></span> <span class='ocrx_word' id='word_1_9' title='bbox 753 241 810 274; x_wconf 82' lang='lat' dir='ltr'><strong><em>cum</em></strong></span> 
     </span>
     <span class='ocr_line' id='line_1_3' title="bbox 349 287 542 356; baseline 0.022 -24"><span class='ocrx_word' id='word_1_10' title='bbox 349 287 452 335; x_wconf 77' lang='lat' dir='ltr'><em>omanis</em></span> <span class='ocrx_word' id='word_1_11' title='bbox 472 289 542 356; x_wconf 78' lang='lat' dir='ltr'><em>agit.</em></span> 
     </span>
    </p>
   </div>
   <div class='ocr_carea' id='block_1_3' title="bbox 55 383 811 2592">
    <p class='ocr_par' dir='ltr' id='par_1_3' title="bbox 55 383 811 2562">
     <span class='ocr_line' id='line_1_4' title="bbox 122 383 809 464; baseline 0.003 -19"><span class='ocrx_word' id='word_1_12' title='bbox 122 386 259 449; x_wconf 78' lang='lat' dir='ltr'><strong>XXXIV,</strong></span> <span class='ocrx_word' id='word_1_13' title='bbox 277 383 335 461; x_wconf 81' lang='grc' dir='ltr'><strong><em>Ἐφ’</em></strong></span> <span class='ocrx_word' id='word_1_14' title='bbox 362 383 754 464; x_wconf 77' lang='grc' dir='ltr'><strong><em>οιςάμανακτῶνάΠορσῖνος,</em></strong></span> <span class='ocrx_word' id='word_1_15' title='bbox 775 392 809 456; x_wconf 83' lang='grc' dir='ltr'><strong><em>εἷς</em></strong></span> 
     </span>
     <span class='ocr_line' id='line_1_5' title="bbox 59 473 809 547; baseline 0 -17"><span class='ocrx_word' id='word_1_16' title='bbox 59 475 199 543; x_wconf 74' lang='grc' dir='ltr'><strong><em>ἐκκλησίαν</em></strong></span> <span class='ocrx_word' id='word_1_17' title='bbox 223 475 282 538; x_wconf 84' lang='grc' dir='ltr'><strong><em>τοίς</em></strong></span> <span class='ocrx_word' id='word_1_18' title='bbox 308 474 459 547; x_wconf 77' lang='grc' dir='ltr'><strong><em>Τυρρηνοὺς</em></strong></span> <span class='ocrx_word' id='word_1_19' title='bbox 478 476 627 530; x_wconf 71' lang='grc' dir='ltr'><em>συνεκάλει·</em></span> <span class='ocrx_word' id='word_1_20' title='bbox 653 473 699 530; x_wconf 84' lang='grc' dir='ltr'><strong><em>καί</em></strong></span> <span class='ocrx_word' id='word_1_21' title='bbox 720 474 809 537; x_wconf 85' lang='grc' dir='ltr'><strong><em>διεξελ-</em></strong></span> 
     </span>
     <span class='ocr_line' id='line_1_6' title="bbox 59 553 810 655; baseline 0.001 -42"><span class='ocrx_word' id='word_1_22' title='bbox 59 555 160 623; x_wconf 41' lang='grc' dir='ltr'><strong><em>θὼνῇ</em></strong></span> <span class='ocrx_word' id='word_1_23' title='bbox 143 578 175 620; x_wconf 88' lang='grc' dir='ltr'><strong><em>ως</em></strong></span> <span class='ocrx_word' id='word_1_24' title='bbox 188 557 385 655; x_wconf 75' lang='grc' dir='ltr'><strong><em>ἐπιτρεψάντων</em></strong></span> <span class='ocrx_word' id='word_1_25' title='bbox 403 553 472 630; x_wconf 76' lang='grc' dir='ltr'><strong><em>αὕτη</em></strong></span> <span class='ocrx_word' id='word_1_26' title='bbox 462 554 587 622; x_wconf 62' lang='lat' dir='ltr'><strong><em>&#39;diuus‘</em></strong></span> <span class='ocrx_word' id='word_1_27' title='bbox 583 559 712 628; x_wconf 79' lang='grc' dir='ltr'><strong><em>Ρωμαίων</em></strong></span> <span class='ocrx_word' id='word_1_28' title='bbox 732 557 810 614; x_wconf 90' lang='grc' dir='ltr'><strong><em>δικά-</em></strong></span> 
     </span>
     <span class='ocr_line' id='line_1_7' title="bbox 59 627 811 746; baseline 0 -49"><span class='ocrx_word' id='word_1_29' title='bbox 59 662 109 698; x_wconf 89' lang='grc' dir='ltr'><strong><em>σαι</em></strong></span> <span class='ocrx_word' id='word_1_30' title='bbox 121 640 181 714; x_wconf 80' lang='grc' dir='ltr'><strong><em>περὶ</em></strong></span> <span class='ocrx_word' id='word_1_31' title='bbox 194 627 229 696; x_wconf 76' lang='grc' dir='ltr'><strong><em>ὧν</em></strong></span> <span class='ocrx_word' id='word_1_32' title='bbox 242 643 412 698; x_wconf 74' lang='grc' dir='ltr'><strong><em>ἐνεκαλοῦντο</em></strong></span> <span class='ocrx_word' id='word_1_33' title='bbox 425 639 478 697; x_wconf 83' lang='grc' dir='ltr'><strong><em>ὖπδ</em></strong></span> <span class='ocrx_word' id='word_1_34' title='bbox 490 643 660 746; x_wconf 82' lang='grc' dir='ltr'><strong><em>Ταρκυνίου,</em></strong></span> <span class='ocrx_word' id='word_1_35' title='bbox 675 639 738 716; x_wconf 84' lang='grc' dir='ltr'><strong><em>πρίν</em></strong></span> <span class='ocrx_word' id='word_1_36' title='bbox 756 646 811 697; x_wconf 75' lang='grc' dir='ltr'><strong><em>ἐπι-</em></strong></span> 
     </span>
     <span class='ocr_line' id='line_1_8' title="bbox 60 723 809 801; baseline 0 -21"><span class='ocrx_word' id='word_1_37' title='bbox 60 728 217 794; x_wconf 79' lang='grc' dir='ltr'><strong><em>τελεσθῆναι</em></strong></span> <span class='ocrx_word' id='word_1_38' title='bbox 230 726 277 794; x_wconf 81' lang='grc' dir='ltr'><strong><em>τήν</em></strong></span> <span class='ocrx_word' id='word_1_39' title='bbox 289 723 413 795; x_wconf 83' lang='grc' dir='ltr'><strong><em>δίκην,’</em></strong></span> <span class='ocrx_word' id='word_1_40' title='bbox 391 747 427 790; x_wconf 90' lang='grc' dir='ltr'><strong><em>εις</em></strong></span> <span class='ocrx_word' id='word_1_41' title='bbox 440 724 496 800; x_wconf 80' lang='grc' dir='ltr'><strong><em>ἱερά</em></strong></span> <span class='ocrx_word' id='word_1_42' title='bbox 516 726 624 799; x_wconf 83' lang='grc' dir='ltr'><strong><em>σώματα</em></strong></span> <span class='ocrx_word' id='word_1_43' title='bbox 637 726 771 801; x_wconf 78' lang='grc' dir='ltr'><strong><em>πρέσβεών</em></strong></span> <span class='ocrx_word' id='word_1_44' title='bbox 783 747 809 780; x_wconf 86' lang='grc' dir='ltr'><strong><em>τε</em></strong></span> 
     </span>
     <span class='ocr_line' id='line_1_9' title="bbox 58 808 811 886; baseline 0.004 -23"><span class='ocrx_word' id='word_1_45' title='bbox 58 809 105 864; x_wconf 84' lang='grc' dir='ltr'><strong><em>καί</em></strong></span> <span class='ocrx_word' id='word_1_46' title='bbox 120 808 224 882; x_wconf 80' lang='grc' dir='ltr'><strong><em>ομὴρων</em></strong></span> <span class='ocrx_word' id='word_1_47' title='bbox 238 812 402 886; x_wconf 74' lang='grc' dir='ltr'><strong><em>παρανομεῖν</em></strong></span> <span class='ocrx_word' id='word_1_48' title='bbox 415 812 442 865; x_wconf 83' lang='grc' dir='ltr'><strong><em>ἐν</em></strong></span> <span class='ocrx_word' id='word_1_49' title='bbox 455 809 585 875; x_wconf 73' lang='grc' dir='ltr'><strong><em>σπονδαῖς</em></strong></span> <span class='ocrx_word' id='word_1_50' title='bbox 602 809 810 883; x_wconf 81' lang='grc' dir='ltr'><strong><em>ἐπεχείρησαν</em></strong></span> <span class='ocrx_word' id='word_1_51' title='bbox 784 830 811 866; x_wconf 90' lang='grc' dir='ltr'><strong><em>οι</em></strong></span> 
     </span>
     <span class='ocr_line' id='line_1_10' title="bbox 59 888 810 968; baseline 0.001 -20"><span class='ocrx_word' id='word_1_52' title='bbox 59 894 166 958; x_wconf 88' lang='grc' dir='ltr'><strong><em>δικαίως</em></strong></span> <span class='ocrx_word' id='word_1_53' title='bbox 187 888 231 948; x_wconf 78' lang='grc' dir='ltr'><strong><em>ὕπ’</em></strong></span> <span class='ocrx_word' id='word_1_54' title='bbox 260 889 348 950; x_wconf 76' lang='grc' dir='ltr'><strong><em>αὐτῶν</em></strong></span> <span class='ocrx_word' id='word_1_55' title='bbox 374 895 553 957; x_wconf 76' lang='grc' dir='ltr'><strong><em>ἐξελαθέντες·</em></strong></span> <span class='ocrx_word' id='word_1_56' title='bbox 580 888 648 950; x_wconf 86' lang='grc' dir='ltr'><strong><em>ὅθεν</em></strong></span> <span class='ocrx_word' id='word_1_57' title='bbox 675 893 810 968; x_wconf 74' lang='grc' dir='ltr'><strong><em>Τυρρηνοί</em></strong></span> 
     </span>
     <span class='ocr_line' id='line_1_11' title="bbox 55 973 810 1053; baseline 0.001 -21"><span class='ocrx_word' id='word_1_58' title='bbox 55 973 202 1047; x_wconf 80' lang='grc' dir='ltr'><strong><em>Ῥωμαίους</em></strong></span> <span class='ocrx_word' id='word_1_59' title='bbox 214 979 262 1048; x_wconf 90' lang='grc' dir='ltr'><strong><em>μέν</em></strong></span> <span class='ocrx_word' id='word_1_60' title='bbox 288 975 439 1033; x_wconf 83' lang='grc' dir='ltr'><strong><em>άπολδουσι</em></strong></span> <span class='ocrx_word' id='word_1_61' title='bbox 463 980 516 1033; x_wconf 79' lang='grc' dir='ltr'><strong><em>τῶν</em></strong></span> <span class='ocrx_word' id='word_1_62' title='bbox 528 978 709 1052; x_wconf 77' lang='grc' dir='ltr'><strong><em>ἐγκλημάτων</em></strong></span> <span class='ocrx_word' id='word_1_63' title='bbox 741 987 810 1053; x_wconf 83' lang='grc' dir='ltr'><strong><em>Ταρ·</em></strong></span> 
     </span>
     <span class='ocr_line' id='line_1_12' title="bbox 58 1061 809 1135; baseline 0.001 -19"><span class='ocrx_word' id='word_1_64' title='bbox 58 1062 155 1116; x_wconf 90' lang='grc' dir='ltr'><strong><em>κυνίων</em></strong></span> <span class='ocrx_word' id='word_1_65' title='bbox 170 1061 197 1115; x_wconf 89' lang='grc' dir='ltr'><strong><em>δὲ</em></strong></span> <span class='ocrx_word' id='word_1_66' title='bbox 210 1081 255 1116; x_wconf 91' lang='grc' dir='ltr'><strong><em>και</em></strong></span> <span class='ocrx_word' id='word_1_67' title='bbox 246 1061 413 1135; x_wconf 82' lang='grc' dir='ltr'><strong><em>Μαμιλίου</em></strong></span> <span class='ocrx_word' id='word_1_68' title='bbox 427 1061 581 1117; x_wconf 84' lang='grc' dir='ltr'><strong><em>διαλάονται</em></strong></span> <span class='ocrx_word' id='word_1_69' title='bbox 596 1062 645 1131; x_wconf 77' lang='grc' dir='ltr'><strong><em>τήν</em></strong></span> <span class='ocrx_word' id='word_1_70' title='bbox 657 1061 750 1130; x_wconf 76' lang='grc' dir='ltr'><strong><em>ξενίαν,</em></strong></span> <span class='ocrx_word' id='word_1_71' title='bbox 764 1062 809 1117; x_wconf 85' lang='grc' dir='ltr'><strong><em>καί</em></strong></span> 
     </span>
     <span class='ocr_line' id='line_1_13' title="bbox 57 1140 807 1246; baseline 0.001 -46"><span class='ocrx_word' id='word_1_72' title='bbox 57 1149 188 1246; x_wconf 85' lang='grc' dir='ltr'><strong><em>προεῖπον</em></strong></span> <span class='ocrx_word' id='word_1_73' title='bbox 203 1140 385 1244; x_wconf 78' lang='grc' dir='ltr'><strong><em>αὖθημερὸν’</em></strong></span> <span class='ocrx_word' id='word_1_74' title='bbox 372 1167 401 1200; x_wconf 84' lang='grc' dir='ltr'><strong><em>εκ</em></strong></span> <span class='ocrx_word' id='word_1_75' title='bbox 412 1165 461 1199; x_wconf 91' lang='grc' dir='ltr'><strong><em>του</em></strong></span> <span class='ocrx_word' id='word_1_76' title='bbox 469 1145 588 1217; x_wconf 80' lang='grc' dir='ltr'><strong><em>χάρακος</em></strong></span> <span class='ocrx_word' id='word_1_77' title='bbox 607 1142 722 1202; x_wconf 86' lang='grc' dir='ltr'><strong><em>άπιέναι.</em></strong></span> <span class='ocrx_word' id='word_1_78' title='bbox 740 1155 807 1217; x_wconf 84' lang='grc' dir='ltr'><strong><em>Ταρ·</em></strong></span> 
     </span>
     <span class='ocr_line' id='line_1_14' title="bbox 57 1215 808 1307; baseline 0.003 -25"><span class='ocrx_word' id='word_1_79' title='bbox 57 1228 145 1283; x_wconf 83' lang='grc' dir='ltr'><strong><em>κδνιοι</em></strong></span> <span class='ocrx_word' id='word_1_80' title='bbox 170 1249 218 1298; x_wconf 90' lang='grc' dir='ltr'><strong><em>μεν</em></strong></span> <span class='ocrx_word' id='word_1_81' title='bbox 232 1215 282 1284; x_wconf 78' lang='grc' dir='ltr'><strong><em>οέν</em></strong></span> <span class='ocrx_word' id='word_1_82' title='bbox 301 1231 329 1283; x_wconf 85' lang='grc' dir='ltr'><strong><em>ίν</em></strong></span> <span class='ocrx_word' id='word_1_83' title='bbox 351 1228 437 1283; x_wconf 80' lang='grc' dir='ltr'><strong><em>ε’λπίοι</em></strong></span> <span class='ocrx_word' id='word_1_84' title='bbox 448 1231 573 1307; x_wconf 73' lang='grc' dir='ltr'><strong><em>χρησταῖς</em></strong></span> <span class='ocrx_word' id='word_1_85' title='bbox 585 1230 721 1302; x_wconf 75' lang='grc' dir='ltr'><strong><em>γενόμενοι</em></strong></span> <span class='ocrx_word' id='word_1_86' title='bbox 751 1226 808 1285; x_wconf 79' lang='grc' dir='ltr'><strong><em>κατ’</em></strong></span> 
     </span>
     <span class='ocr_line' id='line_1_15' title="bbox 58 1308 809 1388; baseline 0.001 -22"><span class='ocrx_word' id='word_1_87' title='bbox 58 1310 158 1385; x_wconf 83' lang='grc' dir='ltr'><strong><em>άρχιίς,</em></strong></span> <span class='ocrx_word' id='word_1_88' title='bbox 176 1311 208 1375; x_wconf 84' lang='grc' dir='ltr'><strong><em>ὡς</em></strong></span> <span class='ocrx_word' id='word_1_89' title='bbox 231 1308 246 1379; x_wconf 80' lang='grc' dir='ltr'><em>ἢ</em></span> <span class='ocrx_word' id='word_1_90' title='bbox 260 1313 466 1384; x_wconf 81' lang='grc' dir='ltr'><strong><em>τυραννήσοντες</em></strong></span> <span class='ocrx_word' id='word_1_91' title='bbox 478 1309 560 1378; x_wconf 80' lang='grc' dir='ltr'><strong><em>αὐθις</em></strong></span> <span class='ocrx_word' id='word_1_92' title='bbox 573 1314 621 1381; x_wconf 88' lang='grc' dir='ltr'><strong><em>τὴν</em></strong></span> <span class='ocrx_word' id='word_1_93' title='bbox 633 1314 717 1380; x_wconf 87' lang='grc' dir='ltr'><strong><em>πόλιν,</em></strong></span> <span class='ocrx_word' id='word_1_94' title='bbox 737 1315 809 1388; x_wconf 80' lang='grc' dir='ltr'><strong><em>Τυρί-</em></strong></span> 
     </span>
     <span class='ocr_line' id='line_1_16' title="bbox 58 1393 809 1471; baseline 0.001 -22"><span class='ocrx_word' id='word_1_95' title='bbox 58 1398 144 1469; x_wconf 85' lang='grc' dir='ltr'><strong><em>ῥηνῶν</em></strong></span> <span class='ocrx_word' id='word_1_96' title='bbox 161 1394 236 1465; x_wconf 81' lang='grc' dir='ltr'><strong><em>σφίσι</em></strong></span> <span class='ocrx_word' id='word_1_97' title='bbox 248 1393 466 1466; x_wconf 78' lang='grc' dir='ltr'><strong><em>βοηθούντων,’“</em></strong></span> <span class='ocrx_word' id='word_1_98' title='bbox 449 1417 466 1463; x_wconf 84' lang='grc' dir='ltr'><strong><em>η</em></strong></span> <span class='ocrx_word' id='word_1_99' title='bbox 479 1397 511 1450; x_wconf 89' lang='grc' dir='ltr'><strong><em>τά</em></strong></span> <span class='ocrx_word' id='word_1_100' title='bbox 520 1396 645 1471; x_wconf 72' lang='grc' dir='ltr'><strong><em>χρήματα</em></strong></span> <span class='ocrx_word' id='word_1_101' title='bbox 663 1396 809 1470; x_wconf 78' lang='grc' dir='ltr'><strong><em>κομιούμε-</em></strong></span> 
     </span>
     <span class='ocr_line' id='line_1_17' title="bbox 59 1476 811 1555; baseline -0.001 -20"><span class='ocrx_word' id='word_1_102' title='bbox 59 1500 109 1544; x_wconf 89' lang='grc' dir='ltr'><strong><em>νοι,</em></strong></span> <span class='ocrx_word' id='word_1_103' title='bbox 127 1478 170 1532; x_wconf 83' lang='grc' dir='ltr'><strong><em>διά</em></strong></span> <span class='ocrx_word' id='word_1_104' title='bbox 182 1479 227 1547; x_wconf 79' lang='grc' dir='ltr'><strong><em>την</em></strong></span> <span class='ocrx_word' id='word_1_105' title='bbox 246 1476 280 1542; x_wconf 85' lang='grc' dir='ltr'><strong><em>εἷς</em></strong></span> <span class='ocrx_word' id='word_1_106' title='bbox 299 1479 360 1543; x_wconf 83' lang='grc' dir='ltr'><strong><em>τοδς</em></strong></span> <span class='ocrx_word' id='word_1_107' title='bbox 372 1481 495 1552; x_wconf 77' lang='grc' dir='ltr'><strong><em>πρέσβεις</em></strong></span> <span class='ocrx_word' id='word_1_108' title='bbox 513 1480 558 1537; x_wconf 80' lang='grc' dir='ltr'><strong><em>καί</em></strong></span> <span class='ocrx_word' id='word_1_109' title='bbox 570 1482 603 1536; x_wconf 90' lang='grc' dir='ltr'><strong><em>τά</em></strong></span> <span class='ocrx_word' id='word_1_110' title='bbox 622 1477 711 1555; x_wconf 78' lang='grc' dir='ltr'><strong><em>ὅμηρα</em></strong></span> <span class='ocrx_word' id='word_1_111' title='bbox 724 1500 811 1555; x_wconf 88' lang='grc' dir='ltr'><strong><em>παρα-</em></strong></span> 
     </span>
     <span class='ocr_line' id='line_1_18' title="bbox 58 1559 810 1639; baseline -0.001 -21"><span class='ocrx_word' id='word_1_112' title='bbox 58 1564 166 1634; x_wconf 86' lang='grc' dir='ltr'><strong><em>νομίαν,</em></strong></span> <span class='ocrx_word' id='word_1_113' title='bbox 186 1559 341 1634; x_wconf 81' lang='grc' dir='ltr'><strong><em>άμιμοεέρων</em></strong></span> <span class='ocrx_word' id='word_1_114' title='bbox 363 1563 549 1639; x_wconf 75' lang='grc' dir='ltr'><strong><em>διαμαρτόντες</em></strong></span> <span class='ocrx_word' id='word_1_115' title='bbox 571 1562 698 1635; x_wconf 78' lang='grc' dir='ltr'><strong><em>άπίηλθον</em></strong></span> <span class='ocrx_word' id='word_1_116' title='bbox 716 1567 743 1619; x_wconf 81' lang='grc' dir='ltr'><strong><em>ἐκ</em></strong></span> <span class='ocrx_word' id='word_1_117' title='bbox 762 1565 810 1618; x_wconf 78' lang='grc' dir='ltr'><strong><em>τοῦ</em></strong></span> 
     </span>
     <span class='ocr_line' id='line_1_19' title="bbox 58 1644 810 1721; baseline -0.004 -17"><span class='ocrx_word' id='word_1_118' title='bbox 58 1646 242 1720; x_wconf 85' lang='grc' dir='ltr'><strong><em>στρατοπέδου</em></strong></span> <span class='ocrx_word' id='word_1_119' title='bbox 268 1648 317 1700; x_wconf 81' lang='grc' dir='ltr'><strong><em>σάν</em></strong></span> <span class='ocrx_word' id='word_1_120' title='bbox 342 1644 453 1719; x_wconf 77' lang='grc' dir='ltr'><strong><em>αἲσχίινη</em></strong></span> <span class='ocrx_word' id='word_1_121' title='bbox 479 1668 506 1702; x_wconf 86' lang='grc' dir='ltr'><strong><em>τε</em></strong></span> <span class='ocrx_word' id='word_1_122' title='bbox 528 1647 573 1702; x_wconf 84' lang='grc' dir='ltr'><strong><em>καλ</em></strong></span> <span class='ocrx_word' id='word_1_123' title='bbox 589 1647 746 1721; x_wconf 73' lang='grc' dir='ltr'><strong><em>μύσειὸδὲ</em></strong></span> <span class='ocrx_word' id='word_1_124' title='bbox 759 1650 810 1702; x_wconf 84' lang='grc' dir='ltr'><strong><em>τῶν</em></strong></span> 
     </span>
     <span class='ocr_line' id='line_1_20' title="bbox 62 1725 810 1806; baseline -0.001 -20"><span class='ocrx_word' id='word_1_125' title='bbox 62 1731 207 1803; x_wconf 74' lang='grc' dir='ltr'><strong><em>Τυρρηνῶν</em></strong></span> <span class='ocrx_word' id='word_1_126' title='bbox 224 1729 348 1793; x_wconf 78' lang='grc' dir='ltr'><strong><em>βασιλεὺς</em></strong></span> <span class='ocrx_word' id='word_1_127' title='bbox 372 1731 403 1784; x_wconf 84' lang='grc' dir='ltr'><strong><em>τά</em></strong></span> <span class='ocrx_word' id='word_1_128' title='bbox 430 1725 518 1806; x_wconf 82' lang='grc' dir='ltr'><strong><em>ὅμηρα</em></strong></span> <span class='ocrx_word' id='word_1_129' title='bbox 544 1733 595 1787; x_wconf 81' lang='grc' dir='ltr'><strong><em>τῶν</em></strong></span> <span class='ocrx_word' id='word_1_130' title='bbox 605 1727 740 1804; x_wconf 84' lang='grc' dir='ltr'><strong><em>Ῥωμαίων</em></strong></span> <span class='ocrx_word' id='word_1_131' title='bbox 766 1731 810 1786; x_wconf 78' lang='grc' dir='ltr'><strong><em>ἐπὶ</em></strong></span> 
     </span>
     <span class='ocr_line' id='line_1_21' title="bbox 58 1812 809 1918; baseline 0 -48"><span class='ocrx_word' id='word_1_132' title='bbox 58 1817 89 1870; x_wconf 90' lang='grc' dir='ltr'><strong><em>τδ</em></strong></span> <span class='ocrx_word' id='word_1_133' title='bbox 104 1816 178 1888; x_wconf 75' lang='grc' dir='ltr'><strong><em>βῆμα</em></strong></span> <span class='ocrx_word' id='word_1_134' title='bbox 191 1816 376 1918; x_wconf 76' lang='grc' dir='ltr'><strong><em>προαχθῆναι</em></strong></span> <span class='ocrx_word' id='word_1_135' title='bbox 378 1816 419 1870; x_wconf 86' lang='grc' dir='ltr'><strong><em>κτλ</em></strong></span> <span class='ocrx_word' id='word_1_136' title='bbox 422 1812 506 1882; x_wconf 79' lang='grc' dir='ltr'><strong><em>εὗσας,</em></strong></span> <span class='ocrx_word' id='word_1_137' title='bbox 521 1812 724 1872; x_wconf 79' lang='grc' dir='ltr'><strong><em>άποδίδωσι“”</em></strong></span> <span class='ocrx_word' id='word_1_138' title='bbox 688 1836 723 1888; x_wconf 81' lang='grc' dir='ltr'><strong><em>τῳ</em></strong></span> <span class='ocrx_word' id='word_1_139' title='bbox 743 1813 809 1870; x_wconf 79' lang='grc' dir='ltr'><strong><em>ὖπά</em></strong></span> 
     </span>
     <span class='ocr_line' id='line_1_22' title="bbox 57 1893 809 2002; baseline -0.001 -48"><span class='ocrx_word' id='word_1_140' title='bbox 57 1920 101 1972; x_wconf 84' lang='grc' dir='ltr'><strong><em>τῳ,</em></strong></span> <span class='ocrx_word' id='word_1_141' title='bbox 115 1899 194 1953; x_wconf 82' lang='grc' dir='ltr'><strong><em>είπών</em></strong></span> <span class='ocrx_word' id='word_1_142' title='bbox 206 1893 248 1952; x_wconf 88' lang='grc' dir='ltr'><strong><em>ὅτι</em></strong></span> <span class='ocrx_word' id='word_1_143' title='bbox 260 1899 347 1968; x_wconf 80' lang='grc' dir='ltr'><strong><em>πάσης</em></strong></span> <span class='ocrx_word' id='word_1_144' title='bbox 360 1897 485 2002; x_wconf 83' lang='grc' dir='ltr'><strong><em>ὁμηρείας</em></strong></span> <span class='ocrx_word' id='word_1_145' title='bbox 499 1900 634 1973; x_wconf 87' lang='grc' dir='ltr'><strong><em>κρείττονα</em></strong></span> <span class='ocrx_word' id='word_1_146' title='bbox 646 1895 750 2000; x_wconf 83' lang='grc' dir='ltr'><strong><em>ηγεῖιαι</em></strong></span> <span class='ocrx_word' id='word_1_147' title='bbox 762 1901 809 1966; x_wconf 82' lang='grc' dir='ltr'><strong><em>την</em></strong></span> 
     </span>
     <span class='ocr_line' id='line_1_23' title="bbox 57 1982 808 2058; baseline 0 -21"><span class='ocrx_word' id='word_1_148' title='bbox 57 1984 150 2037; x_wconf 87' lang='grc' dir='ltr'><strong><em>πίστιν</em></strong></span> <span class='ocrx_word' id='word_1_149' title='bbox 162 1983 207 2049; x_wconf 82' lang='grc' dir='ltr'><strong><em>τῆς</em></strong></span> <span class='ocrx_word' id='word_1_150' title='bbox 225 1983 331 2047; x_wconf 86' lang='grc' dir='ltr'><strong><em>πόλεως.</em></strong></span> <span class='ocrx_word' id='word_1_151' title='bbox 356 1983 421 2053; x_wconf 90' lang='grc' dir='ltr'><strong><em>μίαν</em></strong></span> <span class='ocrx_word' id='word_1_152' title='bbox 435 1982 463 2038; x_wconf 79' lang='grc' dir='ltr'><strong><em>δέ</em></strong></span> <span class='ocrx_word' id='word_1_153' title='bbox 476 1982 656 2058; x_wconf 79' lang='grc' dir='ltr'><strong><em>παρθένον,</em></strong></span> <span class='ocrx_word' id='word_1_154' title='bbox 643 2005 680 2055; x_wconf 84' lang='grc' dir='ltr'><strong><em>υφ</em></strong></span> <span class='ocrx_word' id='word_1_155' title='bbox 697 2006 727 2053; x_wconf 83' lang='grc' dir='ltr'><strong><em>ης</em></strong></span> <span class='ocrx_word' id='word_1_156' title='bbox 740 1986 808 2038; x_wconf 78' lang='grc' dir='ltr'><strong><em>ἐπεί·</em></strong></span> 
     </span>
     <span class='ocr_line' id='line_1_24' title="bbox 58 2063 809 2140; baseline -0.004 -18"><span class='ocrx_word' id='word_1_157' title='bbox 58 2068 169 2134; x_wconf 88' lang='grc' dir='ltr'><strong><em>οθηοαν</em></strong></span> <span class='ocrx_word' id='word_1_158' title='bbox 184 2086 213 2120; x_wconf 93' lang='grc' dir='ltr'><strong><em>αι</em></strong></span> <span class='ocrx_word' id='word_1_159' title='bbox 204 2063 318 2121; x_wconf 81' lang='grc' dir='ltr'><strong><em>λοιπαί</em></strong></span> <span class='ocrx_word' id='word_1_160' title='bbox 332 2065 551 2136; x_wconf 72' lang='grc' dir='ltr'><strong><em>διανήξασθαι</em></strong></span> <span class='ocrx_word' id='word_1_161' title='bbox 524 2088 571 2123; x_wconf 92' lang='grc' dir='ltr'><strong><em>τον</em></strong></span> <span class='ocrx_word' id='word_1_162' title='bbox 590 2070 747 2140; x_wconf 57' lang='lat' dir='ltr'><strong><em>novam&amp;</em></strong></span> <span class='ocrx_word' id='word_1_163' title='bbox 748 2087 809 2121; x_wconf 84' lang='grc' dir='ltr'><strong><em>παι·</em></strong></span> 
     </span>
     <span class='ocr_line' id='line_1_25' title="bbox 57 2148 809 2254; baseline -0.003 -49"><span class='ocrx_word' id='word_1_164' title='bbox 57 2152 135 2212; x_wconf 85' lang='grc' dir='ltr'><strong><em>νέους</em></strong></span> <span class='ocrx_word' id='word_1_165' title='bbox 148 2148 181 2212; x_wconf 82' lang='grc' dir='ltr'><strong><em>ὡς</em></strong></span> <span class='ocrx_word' id='word_1_166' title='bbox 194 2150 314 2222; x_wconf 81' lang='grc' dir='ltr'><strong><em>κρεῖττον</em></strong></span> <span class='ocrx_word' id='word_1_167' title='bbox 326 2149 438 2218; x_wconf 72' lang='grc' dir='ltr'><strong><em>ἔχουσαν</em></strong></span> <span class='ocrx_word' id='word_1_168' title='bbox 458 2153 628 2224; x_wconf 77' lang='grc' dir='ltr'><strong><em>φράνημα”</em></strong></span> <span class='ocrx_word' id='word_1_169' title='bbox 598 2170 645 2254; x_wconf 75' lang='grc' dir='ltr'><strong><em>τηςΙ</em></strong></span> <span class='ocrx_word' id='word_1_170' title='bbox 660 2170 687 2205; x_wconf 82' lang='grc' dir='ltr'><strong><em>τε</em></strong></span> <span class='ocrx_word' id='word_1_171' title='bbox 707 2149 809 2222; x_wconf 84' lang='grc' dir='ltr'><strong><em>φίοεως</em></strong></span> 
     </span>
     <span class='ocr_line' id='line_1_26' title="bbox 58 2228 807 2310; baseline -0.004 -22"><span class='ocrx_word' id='word_1_172' title='bbox 58 2233 104 2288; x_wconf 92' lang='grc' dir='ltr'><strong><em>και</em></strong></span> <span class='ocrx_word' id='word_1_173' title='bbox 117 2254 162 2300; x_wconf 89' lang='grc' dir='ltr'><strong><em>της</em></strong></span> <span class='ocrx_word' id='word_1_174' title='bbox 176 2228 284 2300; x_wconf 87' lang='grc' dir='ltr'><strong><em>ηλικιας,</em></strong></span> <span class='ocrx_word' id='word_1_175' title='bbox 312 2256 359 2289; x_wconf 91' lang='grc' dir='ltr'><strong><em>και</em></strong></span> <span class='ocrx_word' id='word_1_176' title='bbox 370 2255 417 2302; x_wconf 88' lang='grc' dir='ltr'><strong><em>την</em></strong></span> <span class='ocrx_word' id='word_1_177' title='bbox 443 2237 519 2292; x_wconf 89' lang='grc' dir='ltr'><strong><em>πόλιν</em></strong></span> <span class='ocrx_word' id='word_1_178' title='bbox 544 2234 694 2310; x_wconf 87' lang='grc' dir='ltr'><strong><em>μακαρίσας</em></strong></span> <span class='ocrx_word' id='word_1_179' title='bbox 716 2231 760 2288; x_wconf 82' lang='grc' dir='ltr'><strong><em>ἐπι</em></strong></span> <span class='ocrx_word' id='word_1_180' title='bbox 773 2253 807 2304; x_wconf 85' lang='grc' dir='ltr'><strong><em>τω</em></strong></span> 
     </span>
     <span class='ocr_line' id='line_1_27' title="bbox 58 2311 807 2392; baseline -0.003 -20"><span class='ocrx_word' id='word_1_181' title='bbox 58 2318 94 2390; x_wconf 77' lang='grc' dir='ltr'><em>μή</em></span> <span class='ocrx_word' id='word_1_182' title='bbox 107 2320 192 2390; x_wconf 86' lang='grc' dir='ltr'><strong><em>μόνον</em></strong></span> <span class='ocrx_word' id='word_1_183' title='bbox 213 2311 591 2392; x_wconf 76' lang='grc' dir='ltr'><strong><em>άνδραςάγαθοάςέκτρέφειν,</em></strong></span> <span class='ocrx_word' id='word_1_184' title='bbox 605 2315 672 2374; x_wconf 86' lang='grc' dir='ltr'><strong><em>άλλά</em></strong></span> <span class='ocrx_word' id='word_1_185' title='bbox 685 2316 731 2372; x_wconf 81' lang='grc' dir='ltr'><strong><em>καί</em></strong></span> <span class='ocrx_word' id='word_1_186' title='bbox 742 2337 807 2386; x_wconf 84' lang='grc' dir='ltr'><strong><em>παρ·</em></strong></span> 
     </span>
     <span class='ocr_line' id='line_1_28' title="bbox 59 2399 808 2478; baseline -0.003 -22"><span class='ocrx_word' id='word_1_187' title='bbox 59 2403 157 2465; x_wconf 86' lang='grc' dir='ltr'><strong><em>θένους</em></strong></span> <span class='ocrx_word' id='word_1_188' title='bbox 170 2399 328 2475; x_wconf 71' lang='grc' dir='ltr'><strong><em>άνδράοιν“</em></strong></span> <span class='ocrx_word' id='word_1_189' title='bbox 313 2405 415 2474; x_wconf 81' lang='grc' dir='ltr'><strong><em>ομοίας,</em></strong></span> <span class='ocrx_word' id='word_1_190' title='bbox 436 2402 603 2478; x_wconf 87' lang='grc' dir='ltr'><strong><em>δωρεῖται</em></strong></span> <span class='ocrx_word' id='word_1_191' title='bbox 574 2423 622 2472; x_wconf 90' lang='grc' dir='ltr'><strong><em>την</em></strong></span> <span class='ocrx_word' id='word_1_192' title='bbox 643 2399 750 2474; x_wconf 73' lang='grc' dir='ltr'><strong><em>κόρην“’</em></strong></span> <span class='ocrx_word' id='word_1_193' title='bbox 738 2421 808 2472; x_wconf 90' lang='grc' dir='ltr'><strong><em>ιππω</em></strong></span> 
     </span>
     <span class='ocr_line' id='line_1_29' title="bbox 59 2484 807 2592; baseline -0.004 -51"><span class='ocrx_word' id='word_1_194' title='bbox 59 2484 205 2592; x_wconf 79' lang='grc' dir='ltr'><strong><em>πολεμιοτίη</em></strong></span> <span class='ocrx_word' id='word_1_195' title='bbox 216 2487 348 2561; x_wconf 83' lang='grc' dir='ltr'><strong><em>φαλάροις</em></strong></span> <span class='ocrx_word' id='word_1_196' title='bbox 354 2490 541 2592; x_wconf 78' lang='grc' dir='ltr'><strong><em>κεκοσμημένῳ</em></strong></span> <span class='ocrx_word' id='word_1_197' title='bbox 561 2485 724 2562; x_wconf 79' lang='grc' dir='ltr'><strong><em>διαπρεπέσι.</em></strong></span> <span class='ocrx_word' id='word_1_198' title='bbox 741 2487 807 2557; x_wconf 83' lang='grc' dir='ltr'><strong><em>μετά</em></strong></span> 
     </span>
    </p>
   </div>
   <div class='ocr_carea' id='block_1_4' title="bbox 61 2566 827 2703">
    <p class='ocr_par' dir='ltr' id='par_1_4' title="bbox 61 2566 827 2703">
     <span class='ocr_line' id='line_1_30' title="bbox 61 2566 827 2652; baseline -0.003 -28"><span class='ocrx_word' id='word_1_199' title='bbox 61 2566 131 2625; x_wconf 81' lang='grc' dir='ltr'><strong><em>δέ</em></strong></span> <span class='ocrx_word' id='word_1_200' title='bbox 102 2591 174 2638; x_wconf 81' lang='grc' dir='ltr'><strong><em>τηνε</em></strong></span> <span class='ocrx_word' id='word_1_201' title='bbox 164 2572 222 2625; x_wconf 91' lang='grc' dir='ltr'><strong><em>κ’κλ</em></strong></span> <span class='ocrx_word' id='word_1_202' title='bbox 224 2570 311 2639; x_wconf 84' lang='grc' dir='ltr'><strong><em>ησίαν,</em></strong></span> <span class='ocrx_word' id='word_1_203' title='bbox 328 2572 360 2627; x_wconf 86' lang='grc' dir='ltr'><strong><em>τά</em></strong></span> <span class='ocrx_word' id='word_1_204' title='bbox 373 2570 432 2652; x_wconf 83' lang='grc' dir='ltr'><strong><em>περί</em></strong></span> <span class='ocrx_word' id='word_1_205' title='bbox 447 2591 550 2650; x_wconf 83' lang='grc' dir='ltr'><strong><em>ειρηνης</em></strong></span> <span class='ocrx_word' id='word_1_206' title='bbox 569 2592 618 2630; x_wconf 84' lang='grc' dir='ltr'><strong><em>και</em></strong></span> <span class='ocrx_word' id='word_1_207' title='bbox 603 2566 749 2645; x_wconf 72' lang='grc' dir='ltr'><strong><em>φιλλας“</em></strong></span> <span class='ocrx_word' id='word_1_208' title='bbox 742 2585 827 2642; x_wconf 60' lang='grc' dir='ltr'><strong><em>ορκον</em></strong></span> 
     </span>
     <span class='ocr_line' id='line_1_31' title="bbox 87 2651 683 2703; baseline 0.01 -6"><span class='ocrx_word' id='word_1_209' title='bbox 87 2651 199 2699; x_wconf 71' lang='lat' dir='ltr'><strong><em>emm</em></strong></span> <span class='ocrx_word' id='word_1_210' title='bbox 214 2651 241 2701; x_wconf 89' lang='grc' dir='ltr'><strong><em>Τ.</em></strong></span> <span class='ocrx_word' id='word_1_211' title='bbox 256 2653 292 2702; x_wconf 82' lang='grc' dir='ltr'><strong><em>ΙΙ</em></strong></span> <span class='ocrx_word' id='word_1_212' title='bbox 644 2652 683 2703; x_wconf 62' lang='lat' dir='ltr'>M</span> 
     </span>
    </p>
   </div>
   <div class='ocr_carea' id='block_1_5' title="bbox 0 0 950 2970">
    <p class='ocr_par' dir='ltr' id='par_1_5' title="bbox 0 0 950 2970">
     <span class='ocr_line' id='line_1_32' title="bbox 0 0 950 2970; baseline 0 0"><span class='ocrx_word' id='word_1_213' title='bbox 0 0 950 2970; x_wconf 95' lang='lat' dir='ltr'><strong><em> </em></strong></span> 
     </span>
    </p>
   </div>
  </div>
 </body>
</html>
