1890 2970
186 118 463 187 αατιστττετνπ
477 117 612 172 nomn.
631 121 694 173 ται.
716 122 745 175 v.
791 127 841 183 149

92 224 239 302 Ταρκύνιος
250 225 300 297 μὲν
313 223 518 293 δῆΚολλατῖνος
529 222 642 297 τοιαύτη
655 224 722 300 τύχῃ
734 248 840 302 περιπε-

87 308 150 379 σών,
165 307 200 373 είς
211 311 362 366 Λαουίνιον
375 302 455 380 ᾤχετο
468 307 518 374 τὴν
539 307 703 379 μητρόπολιν
715 311 764 364 τού
776 317 840 366 Λα-

85 395 165 451 τίνων
177 394 278 467 γε’νους,
293 377 350 465 όνη
370 393 481 466 γηραιός
491 388 621 445 ἐτελεύτα.
648 411 662 445 ο
654 390 705 446 δὲ
718 395 841 466 Βροῦτος

87 475 138 535 ούκ
152 470 358 547 άξιῶνμόνος”
338 497 442 549 αρχιιν,
463 468 526 530 οὔδ’
548 471 584 539 εἷς
602 470 733 529 ὑπόνοιαν
751 477 840 533 ἐλθεῖν

84 565 144 625 τοῖς
158 561 291 628 πολίταις,
316 557 358 617 ὅτι
381 559 527 662 μοναρχίας
546 555 679 625 ύπαχθεῖς
700 559 782 632 πόθῳ
795 564 842 615 τόν

84 645 242 704 συνύπατον
255 646 375 714 ἐξήλασεν
390 645 482 712 ἐντ”της
502 640 643 717 πατρίδος,
669 642 823 705 καλέσας
795 663 842 699 τον

86 730 174 834 δῆμον
187 724 306 794 εύθύς’
284 750 320 794 εις
331 749 361 783 το
352 728 476 794 ’πεδίοκ
491 723 561 783 ἔνθα
575 715 721 796 σύνηθες
703 746 736 794 ην
750 722 844 791 αὐτοῖς

84 813 149 877 τούς
160 834 188 869 τε
199 813 317 886 βασιλεῖς
328 811 375 869 καί
393 814 440 878 τάς
464 805 582 876 ἄλλος’
563 812 646 909 αρχάς
664 812 841 879 καθιστάναι,

83 899 253 971 συνάρχοντα
271 895 386 971 αἱρεῖται
405 893 549 952 Πούπλιον
566 890 713 969 Ούαλίριον
745 898 840 966 [συνυ-

82 981 222 1053 πατεύειν]
230 1021 239 1047 ,
254 978 399 1056 άπόγονον,
419 978 453 1044 ὧς
465 979 513 1035 καί
526 980 656 1053 πρότερον
673 973 765 1046 εἶπον,
792 982 840 1035 τοῖ

83 1067 212 1138 Σαβίνων
225 1067 332 1139 γόνους,
347 1059 434 1137 άνδρα
445 1063 491 1119 καί
509 1065 613 1120 πολλῶν
624 1063 675 1135 μίν
684 1058 771 1119 τίλλων
783 1068 839 1120 όπι-

82 1150 254 1222 τηδευμάτων
263 1152 341 1223 χάριν
354 1150 530 1204 ἐπαινεῖσθαί
543 1167 569 1202 τε
582 1146 629 1203 καί
647 1151 841 1221 θαυμάζεσθαι

82 1230 166 1299 αξιον,
178 1234 297 1336 μάλιστα
309 1231 380 1287 δι
350 1252 394 1301 της
408 1226 569 1307 αύταρκείας
581 1252 629 1287 του
615 1233 716 1303 ”fliam
731 1236 777 1303 φιλ
780 1254 841 1290 οσο-

82 1320 135 1390 φία
149 1318 203 1392 γάρ
217 1337 256 1382 τις
275 1311 467 1380 αὐτοδίδακτος
486 1319 588 1390 ἐγίνετο
610 1315 671 1392 περί
690 1311 824 1383 αύτόν,“
807 1338 839 1384 ην

82 1409 112 1458 όν
126 1403 233 1464 πολλοῖς
251 1397 406 1464 ἀπεδείξατο
427 1399 596 1474 πράγμασιν,
618 1398 683 1477 ύπὲρ
698 1422 733 1456 ων
748 1398 839 1472 ὀλίγον

81 1482 264 1560 δστερονίρρῖ.

276 1635 363 1683 Res
409 1632 646 1683 ατύαπσε.

146 1733 226 1795 ΧΙΙΙ.
251 1740 331 1793 Μετά
345 1733 416 1794 τοῦτ’
430 1733 478 1808 ἤδη
491 1735 542 1811 μιᾷ
553 1736 644 1811 γνώμῃ
658 1737 717 1812 περί
730 1735 837 1794 πάντων

81 1822 226 1896 χρώμενοι,
248 1821 310 1885 τούς
327 1822 376 1895 μὲν
394 1820 438 1877 ἐπὶ
456 1822 489 1897 τῇ
508 1822 619 1895 καθόδῳ
637 1823 688 1877 τῶν
708 1821 837 1895 φυγάδων

84 1908 320 1978 συνομοσαμένους
339 1901 461 1970 ἅπαντας
484 1903 639 1964 ἀπέκτειναν
664 1910 834 1982 παραχρῆμα,

83 1989 129 2044 καί
142 1991 187 2045 τόν
199 1990 357 2063 μηνύσαντα
374 1991 424 2058 τήν
437 1990 606 2061 συνωμοσίαν
620 1989 719 2046 δούλαν
731 1994 836 2048 ἐλευθε-

82 2073 144 2148 ρίας
157 2093 183 2127 τε
196 2073 239 2129 ιιαλ
252 2075 387 2139 πολιτείας
398 2073 541 2147 μεταδόσει
554 2077 690 2144 ἐτίμησαν,
712 2074 758 2130 καλ
772 2078 837 2130 πολ-

82 2159 138 2219 λοῖς
148 2157 290 2231 χρήμασιν.
316 2157 405 2214 ἔπειτα
424 2160 486 2232 τρία
508 2156 689 2230 πολιτεύματα
709 2160 836 2213 κάλλιστα

82 2240 129 2297 καὶ
143 2240 339 2314 συμφορώτατα
358 2262 392 2316 τῳ
413 2241 492 2315 κοινῷ
511 2242 749 2313 καταστησάμενοι,
775 2239 837 2305 τούς

82 2345 97 2380 τ
96 2320 146 2381 ’ἐν
159 2346 191 2398 τη
181 2325 280 2380 πόλει
298 2327 399 2388 πάντας
416 2326 540 2398 ὁμονοεῖν
557 2324 768 2426 παρεσκεύασαν,
790 2325 836 2380 καλ

81 2413 129 2486 τάς
142 2412 193 2466 τῶν
206 2409 311 2483 ἐχθρῶν
323 2410 464 2483 λταιρίας’
451 2410 587 2483 εμείωσαν.
613 2396 647 2477 ἦν
666 2409 695 2464 δε
713 2429 747 2462 τα
740 2409 835 2464 πολι·

82 2492 200 2565 τεύματα
213 2496 265 2549 τῶν
279 2490 383 2566 οἷνδρῶν
396 2494 493 2550 τοιάδε.
507 2495 611 2568 πρῶτον
623 2493 671 2564 μὲν
683 2494 759 2548 δι’
725 2512 776 2547 των
790 2491 835 2561 δη·

83 2580 197 2633 αοτικῶν
221 2578 283 2643 τούς
307 2576 465 2650 κρατίστους
490 2579 659 2647 επιλέξανττς,
684 2577 849 2651 πατραλόας
