1890 2970
109 151 160 207 196
208 143 385 205 ¹DIONYSII
403 139 745 196 HALICARNASSENSIS

109 251 154 308 ἐπὶ
166 252 199 306 τοί
211 252 324 327 σφέτερα
336 250 462 316 ἐσώζοντο
477 243 511 305 δι’
527 250 665 322 ἐμπειρίαν
690 250 742 304 τών
767 251 866 322 πέπων,

109 333 128 405 ἢ
153 333 180 391 σί
207 333 343 400 ύιώκσνεες
366 335 570 404 κατελάμβανον
597 329 631 387 δι’
661 328 787 407 οἷπειρίαν
814 337 866 392 τῶν

114 418 243 478 διεξόδων.

255 571 295 620 De
313 567 422 618 Sabinis
439 567 591 636 triumphus
608 566 716 634 duplex.

936 234 942 357 ι

172 670 291 733 XLVII·
308 672 346 746 Τῇ
362 665 391 724 (λ’
404 674 461 742 {zze
472 668 557 746 ἡμέρᾳ
571 671 718 736 καύσαντες
730 673 792 738 τούς
804 677 865 730 ίαν.

109 761 161 814 τῶν
174 757 279 831 νεκρούς
292 755 320 812 οἱ
338 752 451 822 ὕπατοι,
479 755 525 811 καὶ
538 758 572 812 τοί
584 757 670 813 σκύλα
683 758 863 824 συλλέξαντες·

109 846 176 898 ἑάλω
189 842 217 896 δέ
231 859 290 896 τινα
305 840 351 896 καὶ
364 836 420 896 ολπύ
434 841 485 895 τών
503 842 602 907 ζώντων
615 840 780 914 ῥιπτούντων
791 845 819 897 ἐν
832 843 866 917 τῇ

108 925 185 998 φυγῇ
198 925 230 980 τοί
249 925 332 979 ὅπλα·
351 918 450 1002 έίνύρας
464 919 487 978 τ’
501 921 680 998 αἰχμαλώτους
693 919 803 1026 ώγονρες
816 922 867 982 σύκ
932 926 935 932 “

110 1009 225 1082 όλίγσυς,
241 1003 288 1073 οὓς
301 1008 396 1078 ἔλαβον
409 1008 454 1063 καί
464 1009 598 1082 χρήματα,
609 1009 688 1082 χωρίς
701 1030 737 1065 ων
752 1030 867 1083 σιστρα-

108 1095 202 1149 τιῶται
217 1092 384 1163 διήρπασαν·
398 1092 498 1148 τούτων
511 1093 539 1149 ύέ
563 1097 723 1167 πραθέντων
739 1092 865 1168 δημοσίᾳ,

110 1180 157 1240 τοίς
176 1172 233 1231 κατ’
258 1171 343 1252 ώνύρα
369 1174 662 1253 γενομέναςείσφσροίς,
690 1170 733 1243 αίς
745 1177 865 1236 ἔστειλαν

111 1262 174 1325 τούς
187 1261 355 1337 στρατιώτας,
369 1257 485 1324 οίπαντες
496 1261 670 1335 ἐκομίσαντο·
683 1258 762 1340 [καί]
776 1257 863 1338 οἷπῄι-

111 1367 163 1402 σαν
175 1341 215 1402 ἐπ’
241 1348 320 1402 οἴκου
333 1347 521 1420 λαμπροτάτην
535 1344 696 1421 υίνηρημένοι
708 1347 795 1415 νίκην.
819 1347 866 1404 καί

112 1431 259 1504 θριάμβοις
283 1429 335 1487 ύπύ
349 1435 394 1501 τῆς
403 1432 503 1503 βουλῆς
515 1431 676 1504 ἐκοσμοῦντο
700 1427 864 1505 οἷμφύτεροι·

113 1517 241 1578 Μενίνιος
251 1515 308 1588 μέν,
323 1512 359 1587 τῷ
370 1517 469 1586 μείζονι
486 1514 532 1570 καί
545 1515 694 1589 τιμιωτέρῳ,
722 1517 864 1589 παρεμβε-

113 1600 198 1672 βηκώς
210 1593 252 1670 ἐφ’
267 1597 401 1674 ἁρματίου
427 1599 526 1671 ύίφρου
544 1599 708 1671 βασιλικοῦ·
736 1599 861 1657 Ποστού-

110 1678 223 1756 μιος’ύ’,
236 1687 264 1739 ἐν
273 1683 308 1757 τῷ
320 1684 443 1740 ἐλάσσονι
456 1682 502 1738 καί
516 1681 705 1758 ὑποδεεστέρῳ,
721 1678 753 1738 έν
766 1686 863 1740 καλοῦ·

112 1788 155 1823 σιν
178 1763 299 1837 εύοίστην,
325 1770 543 1841 παρεκκλίναντες
567 1763 688 1840 τοῦνομα
709 1765 862 1838 Ἑλληνικὸν

112 1850 232 1924 ύπσίρχον
249 1848 286 1915 είς
299 1853 329 1906 τύ
343 1849 452 1923 οίσαφές.
466 1852 496 1905 τύ
506 1853 560 1925 γιίρ
570 1853 674 1924 πρῶτον
687 1847 799 1922 εῧιίστης
812 1848 863 1907 σύ-

112 1956 160 1998 τως
174 1932 228 1990 ώπύ
244 1935 291 1988 τού
305 1936 505 2007 συμβεβηκότος
517 1938 624 2010 ἐλέγετο,
650 1933 683 1999 ώς
695 1930 776 1998 αὕτύς
787 1956 816 1990 τε
827 1933 863 1991 εί-

113 2019 187 2084 κσίζοι,
214 2015 421 2084 καίένπολλαῒς
446 2018 558 2093 εὑρίσκω
570 2023 688 2095 γραφαῖς
712 2020 864 2092 ἐπιχωρίαις

111 2104 266 2176 φερόμενον.
280 2104 339 2158 τότε
352 2105 463 2177 πρῶτον,
484 2103 517 2169 ὡς
530 2105 667 2169 Λικίννιος
680 2101 788 2177 ἱσιορεῖ,
802 2103 863 2158 τοῦ·

112 2206 158 2242 τον
171 2186 323 2261 ἐξευρούσης
341 2190 388 2243 τὸν
400 2190 539 2263 θρίαμβον
552 2189 598 2255 τῆς
609 2189 717 2259 βουλῆς.
745 2185 863 2256 διαφέρει

112 2271 139 2325 ιλί
153 2274 284 2347 θατέρου,
303 2274 409 2346 πρῶτον
420 2274 481 2344 μέν,
497 2268 537 2327 ὅτι
550 2274 625 2340 πεζὸς
638 2268 778 2343 εἰσέρχεται
795 2273 863 2341 μετιί

111 2357 155 2424 τῆς
169 2356 293 2429 στρατιᾶς
313 2356 511 2430 προηγούμενος
524 2357 539 2411 ὁ
555 2359 601 2412 τύν
614 2351 727 2424 εύσίστην
739 2356 865 2427 κατοίγων

112 2439 259 2514 θρίαμβον,
280 2435 335 2496 ἄλλ’
351 2438 399 2498 οὐκ
413 2435 454 2511 ἐφ’
481 2435 609 2516 ιίρματσς,
636 2434 723 2514 ώσπερ
749 2442 864 2504 ἐκεῖνος·

111 2519 196 2578 ἔπειθ’
211 2520 253 2579 ὅτι
266 2519 299 2581 οὗ
313 2526 360 2595 τήν
374 2526 495 2593 ποικίλην
508 2523 553 2579 καὶ
563 2526 736 2597 γρυσέσημον
749 2519 867 2596 οίμφιέν-

111 2625 186 2661 νυται
199 2609 302 2678 στολην,
316 2596 484 2683 ᾖκσσμεῖται
503 2607 519 2662 ὁ
533 2608 629 2680 ἕτερος,
657 2604 720 2663 ούύέ
734 2609 782 2663 τύν
793 2612 864 2683 χρεί.
