<?xml version="1.0" encoding="UTF-8"?>
<!DOCTYPE html PUBLIC "-//W3C//DTD XHTML 1.0 Transitional//EN"
    "http://www.w3.org/TR/xhtml1/DTD/xhtml1-transitional.dtd">
<html xmlns="http://www.w3.org/1999/xhtml" xml:lang="en" lang="en">
 <head>
  <title>
</title>
<meta http-equiv="Content-Type" content="text/html;charset=utf-8" />
  <meta name='ocr-system' content='tesseract 3.04.00' />
  <meta name='ocr-capabilities' content='ocr_page ocr_carea ocr_par ocr_line ocrx_word'/>
</head>
<body>
  <div class='ocr_page' id='page_1' title='image "./operaomnia00diongoog_0696.png"; bbox 0 0 1890 2970; ppageno 0'>
   <div class='ocr_carea' id='block_1_1' title="bbox 145 101 801 176">
    <p class='ocr_par' dir='ltr' id='par_1_1' title="bbox 145 101 801 176">
     <span class='ocr_line' id='line_1_1' title="bbox 145 101 801 176; baseline -0.006 -18"><span class='ocrx_word' id='word_1_1' title='bbox 145 115 197 176; x_wconf 80' lang='lat'><strong><em>202</em></strong></span> <span class='ocrx_word' id='word_1_2' title='bbox 281 103 440 158; x_wconf 84' lang='lat' dir='ltr'>DIONYSII</span> <span class='ocrx_word' id='word_1_3' title='bbox 459 101 801 156; x_wconf 74' lang='lat' dir='ltr'><strong>HALICARNASSENSIS</strong></span> 
     </span>
    </p>
   </div>
   <div class='ocr_carea' id='block_1_2' title="bbox 144 207 900 457">
    <p class='ocr_par' dir='ltr' id='par_1_2' title="bbox 144 184 945 457">
     <span class='ocr_line' id='line_1_2' title="bbox 144 207 899 288; baseline -0.004 -17"><span class='ocrx_word' id='word_1_4' title='bbox 144 214 220 288; x_wconf 84' lang='grc' dir='ltr'><strong><em>πυροί</em></strong></span> <span class='ocrx_word' id='word_1_5' title='bbox 233 213 284 268; x_wconf 81' lang='grc' dir='ltr'><strong><em>τίίν</em></strong></span> <span class='ocrx_word' id='word_1_6' title='bbox 297 211 442 288; x_wconf 77' lang='grc' dir='ltr'><em>προέδρων,</em></span> <span class='ocrx_word' id='word_1_7' title='bbox 456 208 547 278; x_wconf 78' lang='grc' dir='ltr'><strong><em>ἔλεξεν,</em></strong></span> <span class='ocrx_word' id='word_1_8' title='bbox 572 207 615 265; x_wconf 84' lang='grc' dir='ltr'><strong><em>ὅτι</em></strong></span> <span class='ocrx_word' id='word_1_9' title='bbox 633 208 772 281; x_wconf 75' lang='grc' dir='ltr'><strong><em>πεμφθείη</em></strong></span> <span class='ocrx_word' id='word_1_10' title='bbox 783 209 835 281; x_wconf 85' lang='grc' dir='ltr'><strong><em>μίν</em></strong></span> <span class='ocrx_word' id='word_1_11' title='bbox 849 208 899 268; x_wconf 81' lang='grc' dir='ltr'><strong><em>ίνπλ</em></strong></span> 
     </span>
     <span class='ocr_line' id='line_1_3' title="bbox 144 291 899 370; baseline -0.004 -16"><span class='ocrx_word' id='word_1_12' title='bbox 144 299 190 368; x_wconf 87' lang='grc' dir='ltr'><strong><em>τής</em></strong></span> <span class='ocrx_word' id='word_1_13' title='bbox 203 297 300 361; x_wconf 80' lang='grc' dir='ltr'><strong><em>πόλεως</em></strong></span> <span class='ocrx_word' id='word_1_14' title='bbox 312 297 475 370; x_wconf 77' lang='grc' dir='ltr'><strong><em>πρεσβευτής</em></strong></span> <span class='ocrx_word' id='word_1_15' title='bbox 495 295 562 370; x_wconf 81' lang='grc' dir='ltr'><strong><em>πρὸς</em></strong></span> <span class='ocrx_word' id='word_1_16' title='bbox 574 297 621 358; x_wconf 83' lang='grc' dir='ltr'><strong><em>τιὶς</em></strong></span> <span class='ocrx_word' id='word_1_17' title='bbox 639 291 857 361; x_wconf 74' lang='grc' dir='ltr'><strong><em>ἀποστελλούσας</em></strong></span> <span class='ocrx_word' id='word_1_18' title='bbox 868 299 899 351; x_wconf 76' lang='grc' dir='ltr'><strong><em>τί</em></strong></span> 
     </span>
     <span class='ocr_line' id='line_1_4' title="bbox 144 375 900 457; baseline -0.004 -19"><span class='ocrx_word' id='word_1_19' title='bbox 144 382 272 457; x_wconf 78' lang='grc' dir='ltr'><strong><em>λῃστήρια</em></strong></span> <span class='ocrx_word' id='word_1_20' title='bbox 292 383 387 448; x_wconf 80' lang='grc' dir='ltr'><strong><em>πόλεις,</em></strong></span> <span class='ocrx_word' id='word_1_21' title='bbox 414 377 569 449; x_wconf 78' lang='grc' dir='ltr'><strong><em>δεησόμενος</em></strong></span> <span class='ocrx_word' id='word_1_22' title='bbox 583 375 678 444; x_wconf 79' lang='grc' dir='ltr'><strong><em>οὔτῶν,</em></strong></span> <span class='ocrx_word' id='word_1_23' title='bbox 704 378 767 443; x_wconf 81' lang='grc' dir='ltr'><strong><em>τούς</em></strong></span> <span class='ocrx_word' id='word_1_24' title='bbox 793 381 900 450; x_wconf 79' lang='grc' dir='ltr'>ἐνόχους</span> 
     </span>
    </p>
   </div>
   <div class='ocr_carea' id='block_1_3' title="bbox 143 462 904 2635">
    <p class='ocr_par' dir='ltr' id='par_1_3' title="bbox 143 462 900 2046">
     <span class='ocr_line' id='line_1_5' title="bbox 144 462 898 537; baseline -0.004 -16"><span class='ocrx_word' id='word_1_25' title='bbox 144 469 200 529; x_wconf 83' lang='grc' dir='ltr'><strong><em>τοῖς</em></strong></span> <span class='ocrx_word' id='word_1_26' title='bbox 213 463 375 535; x_wconf 70' lang='grc' dir='ltr'><strong><em>ἀδικήμασιν</em></strong></span> <span class='ocrx_word' id='word_1_27' title='bbox 399 462 554 537; x_wconf 75' lang='grc' dir='ltr'><strong><em>ἐξευρούσας</em></strong></span> <span class='ocrx_word' id='word_1_28' title='bbox 578 462 703 518; x_wconf 79' lang='grc' dir='ltr'><strong><em>ἐκδοῦναι</em></strong></span> <span class='ocrx_word' id='word_1_29' title='bbox 727 462 808 533; x_wconf 87' lang='grc' dir='ltr'><strong><em>σφίσι</em></strong></span> <span class='ocrx_word' id='word_1_30' title='bbox 820 483 898 537; x_wconf 83' lang='grc' dir='ltr'><strong><em>τιμυ·</em></strong></span> 
     </span>
     <span class='ocr_line' id='line_1_6' title="bbox 143 539 897 626; baseline -0.003 -21"><span class='ocrx_word' id='word_1_31' title='bbox 143 551 203 626; x_wconf 87' lang='grc' dir='ltr'><strong><em>ρίας</em></strong></span> <span class='ocrx_word' id='word_1_32' title='bbox 218 547 368 622; x_wconf 72' lang='grc' dir='ltr'><strong><em>ὑφέξοντας,</em></strong></span> <span class='ocrx_word' id='word_1_33' title='bbox 383 549 452 602; x_wconf 83' lang='grc' dir='ltr'><strong><em>κατιί</em></strong></span> <span class='ocrx_word' id='word_1_34' title='bbox 470 547 516 602; x_wconf 88' lang='grc' dir='ltr'><strong><em>τόν</em></strong></span> <span class='ocrx_word' id='word_1_35' title='bbox 529 548 621 617; x_wconf 84' lang='grc' dir='ltr'><strong><em>νόμον,</em></strong></span> <span class='ocrx_word' id='word_1_36' title='bbox 635 539 666 601; x_wconf 78' lang='grc' dir='ltr'><strong><em>δν</em></strong></span> <span class='ocrx_word' id='word_1_37' title='bbox 679 550 707 601; x_wconf 77' lang='grc' dir='ltr'><strong><em>ἐν</em></strong></span> <span class='ocrx_word' id='word_1_38' title='bbox 723 550 783 610; x_wconf 79' lang='grc' dir='ltr'><strong><em>ταῖς</em></strong></span> <span class='ocrx_word' id='word_1_39' title='bbox 796 550 897 617; x_wconf 80' lang='grc' dir='ltr'><strong><em>συνθή·</em></strong></span> 
     </span>
     <span class='ocr_line' id='line_1_7' title="bbox 144 627 897 708; baseline -0.003 -19"><span class='ocrx_word' id='word_1_40' title='bbox 144 655 202 698; x_wconf 89' lang='grc' dir='ltr'><strong><em>καις</em></strong></span> <span class='ocrx_word' id='word_1_41' title='bbox 215 628 321 708; x_wconf 77' lang='grc' dir='ltr'><strong><em>ὥρισαν,</em></strong></span> <span class='ocrx_word' id='word_1_42' title='bbox 344 627 388 686; x_wconf 82' lang='grc' dir='ltr'><strong><em>ὅτε</em></strong></span> <span class='ocrx_word' id='word_1_43' title='bbox 405 631 578 687; x_wconf 74' lang='grc' dir='ltr'><strong><em>συνετίθεντο</em></strong></span> <span class='ocrx_word' id='word_1_44' title='bbox 602 632 650 700; x_wconf 88' lang='grc' dir='ltr'><strong><em>τήν</em></strong></span> <span class='ocrx_word' id='word_1_45' title='bbox 675 630 783 702; x_wconf 86' lang='grc' dir='ltr'><strong><em>φιλίαν·</em></strong></span> <span class='ocrx_word' id='word_1_46' title='bbox 811 632 897 688; x_wconf 81' lang='grc' dir='ltr'><strong><em>καὶτὸ</em></strong></span> 
     </span>
     <span class='ocr_line' id='line_1_8' title="bbox 144 712 898 789; baseline -0.005 -15"><span class='ocrx_word' id='word_1_47' title='bbox 144 719 239 774; x_wconf 79' lang='grc' dir='ltr'><strong><em>λοιπὸν</em></strong></span> <span class='ocrx_word' id='word_1_48' title='bbox 251 714 367 780; x_wconf 76' lang='grc' dir='ltr'><strong><em>ιίξιῶσων</em></strong></span> <span class='ocrx_word' id='word_1_49' title='bbox 379 715 529 786; x_wconf 75' lang='grc' dir='ltr'><strong><em>φυλάττειν,</em></strong></span> <span class='ocrx_word' id='word_1_50' title='bbox 543 714 587 770; x_wconf 83' lang='grc' dir='ltr'><strong><em>ἵνα</em></strong></span> <span class='ocrx_word' id='word_1_51' title='bbox 599 714 683 786; x_wconf 83' lang='grc' dir='ltr'><strong><em>μηδὲν</em></strong></span> <span class='ocrx_word' id='word_1_52' title='bbox 696 712 846 788; x_wconf 83' lang='grc' dir='ltr'><strong><em>ἆμοίρτημα</em></strong></span> <span class='ocrx_word' id='word_1_53' title='bbox 857 716 898 789; x_wconf 81' lang='grc' dir='ltr'><strong><em>γλ·</em></strong></span> 
     </span>
     <span class='ocr_line' id='line_1_9' title="bbox 144 794 897 873; baseline -0.004 -17"><span class='ocrx_word' id='word_1_54' title='bbox 144 820 222 871; x_wconf 83' lang='grc' dir='ltr'><strong><em>νηται</em></strong></span> <span class='ocrx_word' id='word_1_55' title='bbox 233 800 333 873; x_wconf 82' lang='grc' dir='ltr'><strong><em>κοινὸν,</em></strong></span> <span class='ocrx_word' id='word_1_56' title='bbox 347 794 362 855; x_wconf 77' lang='grc' dir='ltr'><strong>ὅ</strong></span> <span class='ocrx_word' id='word_1_57' title='bbox 377 797 512 869; x_wconf 77' lang='grc' dir='ltr'><strong><em>διαστήσει</em></strong></span> <span class='ocrx_word' id='word_1_58' title='bbox 525 801 573 868; x_wconf 84' lang='grc' dir='ltr'><strong><em>τήν</em></strong></span> <span class='ocrx_word' id='word_1_59' title='bbox 585 800 676 868; x_wconf 89' lang='grc' dir='ltr'><strong><em>φιλίαν</em></strong></span> <span class='ocrx_word' id='word_1_60' title='bbox 690 794 780 855; x_wconf 79' lang='grc' dir='ltr'><strong><em>αὐτῶν</em></strong></span> <span class='ocrx_word' id='word_1_61' title='bbox 792 799 840 855; x_wconf 76' lang='grc' dir='ltr'><strong><em>καί</em></strong></span> <span class='ocrx_word' id='word_1_62' title='bbox 852 800 897 868; x_wconf 84' lang='grc' dir='ltr'><strong><em>τήν</em></strong></span> 
     </span>
     <span class='ocr_line' id='line_1_10' title="bbox 145 880 896 958; baseline -0.003 -18"><span class='ocrx_word' id='word_1_63' title='bbox 145 885 309 957; x_wconf 74' lang='grc' dir='ltr'><strong><em>συγγένειαν.</em></strong></span> <span class='ocrx_word' id='word_1_64' title='bbox 324 883 392 958; x_wconf 76' lang='grc' dir='ltr'><strong><em>σ’ρῶν</em></strong></span> <span class='ocrx_word' id='word_1_65' title='bbox 406 884 434 939; x_wconf 77' lang='grc' dir='ltr'><strong><em>δὲ</em></strong></span> <span class='ocrx_word' id='word_1_66' title='bbox 446 880 553 947; x_wconf 82' lang='grc' dir='ltr'><strong><em>ἆποίοας</em></strong></span> <span class='ocrx_word' id='word_1_67' title='bbox 566 885 780 953; x_wconf 77' lang='grc' dir='ltr'><strong><em>συνεληλυθυίας</em></strong></span> <span class='ocrx_word' id='word_1_68' title='bbox 792 885 840 946; x_wconf 81' lang='grc' dir='ltr'><strong><em>τοὶς</em></strong></span> <span class='ocrx_word' id='word_1_69' title='bbox 852 885 896 939; x_wconf 82' lang='grc' dir='ltr'><strong><em>πί·</em></strong></span> 
     </span>
     <span class='ocr_line' id='line_1_11' title="bbox 146 961 899 1042; baseline -0.001 -19"><span class='ocrx_word' id='word_1_70' title='bbox 146 967 252 1030; x_wconf 81' lang='grc' dir='ltr'><strong><em>λειςέπί</em></strong></span> <span class='ocrx_word' id='word_1_71' title='bbox 270 968 306 1042; x_wconf 72' lang='grc' dir='ltr'><strong><em>τῷ</em></strong></span> <span class='ocrx_word' id='word_1_72' title='bbox 326 972 396 1023; x_wconf 86' lang='grc' dir='ltr'><strong><em>κατιί</em></strong></span> <span class='ocrx_word' id='word_1_73' title='bbox 417 963 554 1041; x_wconf 76' lang='grc' dir='ltr'><strong><em>Ῥωμαίων</em></strong></span> <span class='ocrx_word' id='word_1_74' title='bbox 579 969 692 1039; x_wconf 74' lang='grc' dir='ltr'><strong><em>πολέμῳ,</em></strong></span> <span class='ocrx_word' id='word_1_75' title='bbox 714 967 761 1022; x_wconf 83' lang='grc' dir='ltr'><strong><em>καί</em></strong></span> <span class='ocrx_word' id='word_1_76' title='bbox 775 961 848 1022; x_wconf 75' lang='grc' dir='ltr'><strong><em>τοῦτ’</em></strong></span> <span class='ocrx_word' id='word_1_77' title='bbox 872 971 899 1024; x_wconf 80' lang='grc' dir='ltr'><strong><em>λιι</em></strong></span> 
     </span>
     <span class='ocr_line' id='line_1_12' title="bbox 147 1046 900 1124; baseline 0.001 -19"><span class='ocrx_word' id='word_1_78' title='bbox 147 1053 250 1106; x_wconf 85' lang='grc' dir='ltr'><strong><em>πολλῶν</em></strong></span> <span class='ocrx_word' id='word_1_79' title='bbox 262 1053 310 1124; x_wconf 80' lang='grc' dir='ltr'><strong><em>μίν</em></strong></span> <span class='ocrx_word' id='word_1_80' title='bbox 322 1051 368 1106; x_wconf 83' lang='grc' dir='ltr'><strong><em>καί</em></strong></span> <span class='ocrx_word' id='word_1_81' title='bbox 380 1046 466 1106; x_wconf 78' lang='grc' dir='ltr'><strong><em>ἄλλων</em></strong></span> <span class='ocrx_word' id='word_1_82' title='bbox 478 1052 757 1124; x_wconf 81' lang='grc' dir='ltr'><strong><em>καταλαμβανόμενος,</em></strong></span> <span class='ocrx_word' id='word_1_83' title='bbox 783 1052 900 1122; x_wconf 86' lang='grc' dir='ltr'><strong><em>μοίλιστσ</em></strong></span> 
     </span>
     <span class='ocr_line' id='line_1_13' title="bbox 149 1130 899 1208; baseline 0.004 -20"><span class='ocrx_word' id='word_1_84' title='bbox 149 1133 177 1188; x_wconf 81' lang='grc' dir='ltr'><strong><em>δὲ</em></strong></span> <span class='ocrx_word' id='word_1_85' title='bbox 200 1131 244 1189; x_wconf 85' lang='grc' dir='ltr'><strong><em>ὅτι</em></strong></span> <span class='ocrx_word' id='word_1_86' title='bbox 265 1130 405 1206; x_wconf 85' lang='grc' dir='ltr'><strong><em>Ῥωμαίοις</em></strong></span> <span class='ocrx_word' id='word_1_87' title='bbox 429 1136 521 1206; x_wconf 86' lang='grc' dir='ltr'><strong><em>μόνοις</em></strong></span> <span class='ocrx_word' id='word_1_88' title='bbox 538 1130 572 1190; x_wconf 78' lang='grc' dir='ltr'><strong><em>οὗ</em></strong></span> <span class='ocrx_word' id='word_1_89' title='bbox 598 1135 777 1208; x_wconf 73' lang='grc' dir='ltr'><strong><em>παρήγγειλαν</em></strong></span> <span class='ocrx_word' id='word_1_90' title='bbox 795 1135 841 1191; x_wconf 78' lang='grc' dir='ltr'><strong><em>ἐπὶ</em></strong></span> <span class='ocrx_word' id='word_1_91' title='bbox 853 1137 899 1206; x_wconf 85' lang='grc' dir='ltr'><strong><em>τήν</em></strong></span> 
     </span>
     <span class='ocr_line' id='line_1_14' title="bbox 147 1214 899 1294; baseline 0.001 -21"><span class='ocrx_word' id='word_1_92' title='bbox 147 1214 251 1292; x_wconf 76' lang='grc' dir='ltr'><strong><em>οἶγοροίν</em></strong></span> <span class='ocrx_word' id='word_1_93' title='bbox 263 1222 395 1293; x_wconf 83' lang='grc' dir='ltr'><strong><em>παρεῖναι,</em></strong></span> <span class='ocrx_word' id='word_1_94' title='bbox 421 1220 603 1294; x_wconf 79' lang='grc' dir='ltr'><strong><em>γεγραμμένον</em></strong></span> <span class='ocrx_word' id='word_1_95' title='bbox 621 1222 650 1274; x_wconf 78' lang='grc' dir='ltr'><strong><em>ἐν</em></strong></span> <span class='ocrx_word' id='word_1_96' title='bbox 668 1221 727 1284; x_wconf 80' lang='grc' dir='ltr'><strong><em>ταῖς</em></strong></span> <span class='ocrx_word' id='word_1_97' title='bbox 739 1219 899 1293; x_wconf 81' lang='grc' dir='ltr'><strong><em>συνθήκαις,</em></strong></span> 
     </span>
     <span class='ocr_line' id='line_1_15' title="bbox 146 1298 899 1378; baseline 0.005 -23"><span class='ocrx_word' id='word_1_98' title='bbox 146 1298 254 1367; x_wconf 79' lang='grc' dir='ltr'><strong><em>ἁπιίσας</em></strong></span> <span class='ocrx_word' id='word_1_99' title='bbox 267 1306 392 1378; x_wconf 78' lang='grc' dir='ltr'><strong><em>παρεῖναι</em></strong></span> <span class='ocrx_word' id='word_1_100' title='bbox 406 1303 451 1365; x_wconf 80' lang='grc' dir='ltr'><strong><em>τοὶς</em></strong></span> <span class='ocrx_word' id='word_1_101' title='bbox 471 1304 558 1367; x_wconf 86' lang='grc' dir='ltr'><strong><em>πόλεις</em></strong></span> <span class='ocrx_word' id='word_1_102' title='bbox 568 1306 626 1367; x_wconf 77' lang='grc' dir='ltr'><strong><em>ταῖς</em></strong></span> <span class='ocrx_word' id='word_1_103' title='bbox 651 1305 753 1368; x_wconf 79' lang='grc' dir='ltr'><strong><em>κοιναῖς</em></strong></span> <span class='ocrx_word' id='word_1_104' title='bbox 777 1300 899 1378; x_wconf 78' lang='grc' dir='ltr'><strong><em>ολγοραίς,</em></strong></span> 
     </span>
     <span class='ocr_line' id='line_1_16' title="bbox 146 1381 899 1462; baseline 0.004 -22"><span class='ocrx_word' id='word_1_105' title='bbox 146 1381 210 1441; x_wconf 75' lang='grc' dir='ltr'><strong><em>ὅσοι</em></strong></span> <span class='ocrx_word' id='word_1_106' title='bbox 222 1389 270 1443; x_wconf 80' lang='grc' dir='ltr'><strong><em>τοῦ</em></strong></span> <span class='ocrx_word' id='word_1_107' title='bbox 285 1388 410 1444; x_wconf 87' lang='grc' dir='ltr'><strong><em>Λατίνων</em></strong></span> <span class='ocrx_word' id='word_1_108' title='bbox 423 1383 474 1442; x_wconf 81' lang='grc' dir='ltr'><strong><em>είσί</em></strong></span> <span class='ocrx_word' id='word_1_109' title='bbox 486 1388 586 1459; x_wconf 83' lang='grc' dir='ltr'><strong><em>γίνους,</em></strong></span> <span class='ocrx_word' id='word_1_110' title='bbox 602 1387 839 1462; x_wconf 73' lang='grc' dir='ltr'><strong><em>παραγγειλάντων</em></strong></span> <span class='ocrx_word' id='word_1_111' title='bbox 851 1382 899 1443; x_wconf 77' lang='grc' dir='ltr'><strong><em>αὖ·</em></strong></span> 
     </span>
     <span class='ocr_line' id='line_1_17' title="bbox 145 1470 898 1546; baseline 0.005 -23"><span class='ocrx_word' id='word_1_112' title='bbox 145 1475 204 1534; x_wconf 78' lang='grc' dir='ltr'><strong><em>ταῖς</em></strong></span> <span class='ocrx_word' id='word_1_113' title='bbox 216 1473 267 1526; x_wconf 82' lang='grc' dir='ltr'><strong><em>τῶν</em></strong></span> <span class='ocrx_word' id='word_1_114' title='bbox 281 1471 422 1546; x_wconf 79' lang='grc' dir='ltr'><strong><em>προέδρων,</em></strong></span> <span class='ocrx_word' id='word_1_115' title='bbox 435 1471 584 1541; x_wconf 73' lang='grc' dir='ltr'><strong><em>θαυμάζειν</em></strong></span> <span class='ocrx_word' id='word_1_116' title='bbox 603 1470 629 1527; x_wconf 87' lang='grc' dir='ltr'><strong><em>τί</em></strong></span> <span class='ocrx_word' id='word_1_117' title='bbox 642 1470 740 1540; x_wconf 82' lang='grc' dir='ltr'><strong><em>δήποτε</em></strong></span> <span class='ocrx_word' id='word_1_118' title='bbox 753 1474 898 1542; x_wconf 75' lang='grc' dir='ltr'><strong><em>παθόντες,</em></strong></span> 
     </span>
     <span class='ocr_line' id='line_1_18' title="bbox 148 1552 899 1630; baseline 0.004 -21"><span class='ocrx_word' id='word_1_119' title='bbox 148 1552 163 1621; x_wconf 80' lang='grc' dir='ltr'><strong><em>ἢ</em></strong></span> <span class='ocrx_word' id='word_1_120' title='bbox 175 1554 207 1610; x_wconf 83' lang='grc' dir='ltr'><strong><em>τί</em></strong></span> <span class='ocrx_word' id='word_1_121' title='bbox 214 1559 371 1630; x_wconf 83' lang='grc' dir='ltr'><strong><em>κατηγορεῖν</em></strong></span> <span class='ocrx_word' id='word_1_122' title='bbox 383 1553 482 1622; x_wconf 77' lang='grc' dir='ltr'><strong><em>ἔχοντες</em></strong></span> <span class='ocrx_word' id='word_1_123' title='bbox 494 1557 540 1626; x_wconf 80' lang='grc' dir='ltr'><strong><em>τῆς</em></strong></span> <span class='ocrx_word' id='word_1_124' title='bbox 550 1554 647 1618; x_wconf 85' lang='grc' dir='ltr'><strong><em>πόλεως</em></strong></span> <span class='ocrx_word' id='word_1_125' title='bbox 661 1554 687 1611; x_wconf 80' lang='grc' dir='ltr'><strong><em>οἱ</em></strong></span> <span class='ocrx_word' id='word_1_126' title='bbox 699 1553 834 1630; x_wconf 86' lang='grc' dir='ltr'><strong><em>σίνεδροι,</em></strong></span> <span class='ocrx_word' id='word_1_127' title='bbox 847 1557 899 1630; x_wconf 73' lang='grc' dir='ltr'><strong><em>μή·</em></strong></span> 
     </span>
     <span class='ocr_line' id='line_1_19' title="bbox 146 1635 899 1713; baseline 0.001 -20"><span class='ocrx_word' id='word_1_128' title='bbox 146 1659 195 1706; x_wconf 80' lang='grc' dir='ltr'><strong><em>νην</em></strong></span> <span class='ocrx_word' id='word_1_129' title='bbox 210 1635 356 1709; x_wconf 80' lang='grc' dir='ltr'><strong><em>ἐκείνηνου</em></strong></span> <span class='ocrx_word' id='word_1_130' title='bbox 383 1639 535 1713; x_wconf 76' lang='grc' dir='ltr'><strong><em>παρέλαβον</em></strong></span> <span class='ocrx_word' id='word_1_131' title='bbox 560 1638 604 1694; x_wconf 75' lang='grc' dir='ltr'><strong><em>ἐπὶ</em></strong></span> <span class='ocrx_word' id='word_1_132' title='bbox 627 1640 673 1694; x_wconf 81' lang='grc' dir='ltr'><strong><em>τὸν</em></strong></span> <span class='ocrx_word' id='word_1_133' title='bbox 698 1635 882 1712; x_wconf 75' lang='grc' dir='ltr'><strong><em>σίιλλογον,“</em></strong></span> <span class='ocrx_word' id='word_1_134' title='bbox 867 1660 899 1706; x_wconf 82' lang='grc' dir='ltr'><strong><em>ήν</em></strong></span> 
     </span>
     <span class='ocr_line' id='line_1_20' title="bbox 146 1721 899 1827; baseline 0.003 -51"><span class='ocrx_word' id='word_1_135' title='bbox 146 1721 252 1796; x_wconf 81' lang='grc' dir='ltr'><strong><em>πρώτην</em></strong></span> <span class='ocrx_word' id='word_1_136' title='bbox 265 1721 377 1780; x_wconf 78' lang='grc' dir='ltr'><strong><em>ἁπασῶν</em></strong></span> <span class='ocrx_word' id='word_1_137' title='bbox 389 1721 442 1779; x_wconf 84' lang='grc' dir='ltr'><strong><em>ε’δει</em></strong></span> <span class='ocrx_word' id='word_1_138' title='bbox 455 1725 587 1827; x_wconf 80' lang='grc' dir='ltr'><strong><em>πφρείναι,</em></strong></span> <span class='ocrx_word' id='word_1_139' title='bbox 609 1721 654 1777; x_wconf 82' lang='grc' dir='ltr'><strong><em>καί</em></strong></span> <span class='ocrx_word' id='word_1_140' title='bbox 680 1723 786 1826; x_wconf 79' lang='grc' dir='ltr'><strong><em>πρώτην</em></strong></span> <span class='ocrx_word' id='word_1_141' title='bbox 798 1724 899 1823; x_wconf 75' lang='grc' dir='ltr'><strong><em>ἐρωτᾶ-</em></strong></span> 
     </span>
     <span class='ocr_line' id='line_1_21' title="bbox 146 1793 899 1881; baseline 0.005 -21"><span class='ocrx_word' id='word_1_142' title='bbox 146 1811 215 1862; x_wconf 91' lang='grc' dir='ltr'><strong><em>σθαι</em></strong></span> <span class='ocrx_word' id='word_1_143' title='bbox 239 1807 352 1881; x_wconf 80' lang='grc' dir='ltr'><strong><em>γνώμην,</em></strong></span> <span class='ocrx_word' id='word_1_144' title='bbox 377 1802 520 1880; x_wconf 86' lang='grc' dir='ltr'><strong><em>ήγεμονίαν</em></strong></span> <span class='ocrx_word' id='word_1_145' title='bbox 540 1825 651 1875; x_wconf 79' lang='grc' dir='ltr'><strong><em>εγουσαν</em></strong></span> <span class='ocrx_word' id='word_1_146' title='bbox 669 1809 718 1861; x_wconf 79' lang='grc' dir='ltr'><strong><em>τοῦ</em></strong></span> <span class='ocrx_word' id='word_1_147' title='bbox 745 1802 853 1872; x_wconf 79' lang='grc' dir='ltr'><strong><em>ἔθνους,</em></strong></span> <span class='ocrx_word' id='word_1_148' title='bbox 870 1793 899 1875; x_wconf 84' lang='grc' dir='ltr'><strong><em>ής</em></strong></span> 
     </span>
     <span class='ocr_line' id='line_1_22' title="bbox 146 1885 899 1966; baseline 0.007 -23"><span class='ocrx_word' id='word_1_149' title='bbox 146 1887 218 1957; x_wconf 72' lang='grc' dir='ltr'><strong><em>ἔτυχε</em></strong></span> <span class='ocrx_word' id='word_1_150' title='bbox 230 1912 286 1966; x_wconf 90' lang='grc' dir='ltr'><strong><em>παρ</em></strong></span> <span class='ocrx_word' id='word_1_151' title='bbox 318 1885 406 1945; x_wconf 75' lang='grc' dir='ltr'><strong><em>αὐτῶν</em></strong></span> <span class='ocrx_word' id='word_1_152' title='bbox 424 1886 568 1945; x_wconf 79' lang='grc' dir='ltr'><strong><em>ἑκδντων’</em></strong></span> <span class='ocrx_word' id='word_1_153' title='bbox 549 1889 608 1947; x_wconf 78' lang='grc' dir='ltr'><strong><em>αντὶ</em></strong></span> <span class='ocrx_word' id='word_1_154' title='bbox 633 1892 736 1946; x_wconf 85' lang='grc' dir='ltr'><strong><em>πολλῶν</em></strong></span> <span class='ocrx_word' id='word_1_155' title='bbox 758 1892 806 1947; x_wconf 76' lang='grc' dir='ltr'><strong><em>καὶ</em></strong></span> <span class='ocrx_word' id='word_1_156' title='bbox 817 1892 899 1964; x_wconf 78' lang='grc' dir='ltr'><strong><em>μεγά·</em></strong></span> 
     </span>
     <span class='ocr_line' id='line_1_23' title="bbox 146 1968 370 2046; baseline 0.013 -20"><span class='ocrx_word' id='word_1_157' title='bbox 146 1968 238 2026; x_wconf 80' lang='grc' dir='ltr'><strong><em>λων’</em></strong></span> <span class='ocrx_word' id='word_1_158' title='bbox 209 1975 370 2046; x_wconf 81' lang='grc' dir='ltr'><strong><em>ευεργεσιῶν.</em></strong></span> 
     </span>
    </p>

    <p class='ocr_par' dir='ltr' id='par_1_4' title="bbox 145 2052 904 2635">
     <span class='ocr_line' id='line_1_24' title="bbox 208 2052 898 2133; baseline 0.004 -21"><span class='ocrx_word' id='word_1_159' title='bbox 208 2053 256 2112; x_wconf 87' lang='lat' dir='ltr'><strong><em>LI.</em></strong></span> <span class='ocrx_word' id='word_1_160' title='bbox 278 2058 358 2112; x_wconf 85' lang='grc' dir='ltr'><strong><em>Μετοί</em></strong></span> <span class='ocrx_word' id='word_1_161' title='bbox 368 2052 601 2132; x_wconf 67' lang='grc' dir='ltr'><strong><em>τοῦτονἍρικῃνοί</em></strong></span> <span class='ocrx_word' id='word_1_162' title='bbox 614 2079 640 2112; x_wconf 87' lang='grc' dir='ltr'><strong><em>τε</em></strong></span> <span class='ocrx_word' id='word_1_163' title='bbox 653 2059 733 2133; x_wconf 84' lang='grc' dir='ltr'><strong><em>λόγον</em></strong></span> <span class='ocrx_word' id='word_1_164' title='bbox 750 2056 898 2131; x_wconf 83' lang='grc' dir='ltr'><strong><em>αίτησιίμε-</em></strong></span> 
     </span>
     <span class='ocr_line' id='line_1_25' title="bbox 153 2137 901 2217; baseline 0.003 -23"><span class='ocrx_word' id='word_1_165' title='bbox 153 2158 198 2205; x_wconf 73' lang='grc' dir='ltr'><strong><em>τοι,</em></strong></span> <span class='ocrx_word' id='word_1_166' title='bbox 212 2143 381 2215; x_wconf 82' lang='grc' dir='ltr'><strong><em>κατηγόρουν</em></strong></span> <span class='ocrx_word' id='word_1_167' title='bbox 393 2144 444 2197; x_wconf 85' lang='grc' dir='ltr'><strong><em>τῶν</em></strong></span> <span class='ocrx_word' id='word_1_168' title='bbox 452 2141 598 2216; x_wconf 78' lang='grc' dir='ltr'><strong><em>Ῥωμαίων,</em></strong></span> <span class='ocrx_word' id='word_1_169' title='bbox 612 2137 654 2196; x_wconf 84' lang='grc' dir='ltr'><strong><em>ὅτι</em></strong></span> <span class='ocrx_word' id='word_1_170' title='bbox 666 2143 714 2197; x_wconf 82' lang='grc' dir='ltr'><strong><em>τὸν</em></strong></span> <span class='ocrx_word' id='word_1_171' title='bbox 729 2143 901 2217; x_wconf 77' lang='grc' dir='ltr'><strong><em>Τυρρηνικὸν</em></strong></span> 
     </span>
     <span class='ocr_line' id='line_1_26' title="bbox 148 2225 900 2303; baseline 0.008 -26"><span class='ocrx_word' id='word_1_172' title='bbox 148 2225 262 2298; x_wconf 77' lang='grc' dir='ltr'><strong><em>πόλεμον</em></strong></span> <span class='ocrx_word' id='word_1_173' title='bbox 275 2229 412 2299; x_wconf 79' lang='grc' dir='ltr'><strong><em>ἐπήγαγον</em></strong></span> <span class='ocrx_word' id='word_1_174' title='bbox 424 2227 516 2296; x_wconf 89' lang='grc' dir='ltr'><strong><em>σφίσιν</em></strong></span> <span class='ocrx_word' id='word_1_175' title='bbox 529 2225 600 2290; x_wconf 80' lang='grc' dir='ltr'><strong><em>ὄντες</em></strong></span> <span class='ocrx_word' id='word_1_176' title='bbox 613 2229 754 2299; x_wconf 78' lang='grc' dir='ltr'><strong><em>συγγενεῖς,</em></strong></span> <span class='ocrx_word' id='word_1_177' title='bbox 769 2226 816 2281; x_wconf 83' lang='grc' dir='ltr'><strong><em>καλ</em></strong></span> <span class='ocrx_word' id='word_1_178' title='bbox 829 2247 900 2303; x_wconf 84' lang='grc' dir='ltr'><strong><em>παρ·</em></strong></span> 
     </span>
     <span class='ocr_line' id='line_1_27' title="bbox 145 2304 901 2381; baseline 0.005 -19"><span class='ocrx_word' id='word_1_179' title='bbox 145 2307 229 2378; x_wconf 74' lang='grc' dir='ltr'><strong><em>ἔσχον,</em></strong></span> <span class='ocrx_word' id='word_1_180' title='bbox 258 2304 324 2366; x_wconf 84' lang='grc' dir='ltr'><strong><em>ὅσον</em></strong></span> <span class='ocrx_word' id='word_1_181' title='bbox 336 2305 377 2381; x_wconf 76' lang='grc' dir='ltr'><strong><em>ἐφ’</em></strong></span> <span class='ocrx_word' id='word_1_182' title='bbox 393 2309 504 2377; x_wconf 76' lang='grc' dir='ltr'><strong><em>ἓαυτοίς,</em></strong></span> <span class='ocrx_word' id='word_1_183' title='bbox 525 2307 632 2374; x_wconf 79' lang='grc' dir='ltr'><strong><em>ἁπάσας</em></strong></span> <span class='ocrx_word' id='word_1_184' title='bbox 644 2310 692 2374; x_wconf 88' lang='grc' dir='ltr'><strong><em>τοίς</em></strong></span> <span class='ocrx_word' id='word_1_185' title='bbox 703 2310 830 2366; x_wconf 90' lang='grc' dir='ltr'><strong><em>Λατίνων</em></strong></span> <span class='ocrx_word' id='word_1_186' title='bbox 843 2314 901 2366; x_wconf 85' lang='grc' dir='ltr'><strong><em>πό-</em></strong></span> 
     </span>
     <span class='ocr_line' id='line_1_28' title="bbox 147 2390 902 2469; baseline 0.008 -24"><span class='ocrx_word' id='word_1_187' title='bbox 147 2393 196 2456; x_wconf 84' lang='grc' dir='ltr'><strong><em>λεις</em></strong></span> <span class='ocrx_word' id='word_1_188' title='bbox 210 2390 262 2448; x_wconf 78' lang='grc' dir='ltr'><strong><em>ὕπὸ</em></strong></span> <span class='ocrx_word' id='word_1_189' title='bbox 281 2394 423 2466; x_wconf 78' lang='grc' dir='ltr'><strong><em>Τυῤῥηνῶν</em></strong></span> <span class='ocrx_word' id='word_1_190' title='bbox 442 2391 625 2468; x_wconf 77' lang='grc' dir='ltr'><strong><em>ἄφαιρεθήναι</em></strong></span> <span class='ocrx_word' id='word_1_191' title='bbox 652 2395 699 2464; x_wconf 85' lang='grc' dir='ltr'><strong><em>τήν</em></strong></span> <span class='ocrx_word' id='word_1_192' title='bbox 725 2396 902 2469; x_wconf 72' lang='grc' dir='ltr'><strong><em>ἐλευθερίαν·</em></strong></span> 
     </span>
     <span class='ocr_line' id='line_1_29' title="bbox 146 2473 904 2551; baseline 0.013 -25"><span class='ocrx_word' id='word_1_193' title='bbox 146 2473 191 2530; x_wconf 83' lang='grc' dir='ltr'><strong><em>καί</em></strong></span> <span class='ocrx_word' id='word_1_194' title='bbox 207 2475 354 2550; x_wconf 76' lang='grc' dir='ltr'><strong><em>Ταρκίννιος</em></strong></span> <span class='ocrx_word' id='word_1_195' title='bbox 378 2477 394 2532; x_wconf 83' lang='grc' dir='ltr'><strong><em>δ</em></strong></span> <span class='ocrx_word' id='word_1_196' title='bbox 403 2478 526 2550; x_wconf 75' lang='grc' dir='ltr'><strong><em>βασιλεὺς</em></strong></span> <span class='ocrx_word' id='word_1_197' title='bbox 551 2474 744 2549; x_wconf 79' lang='grc' dir='ltr'><strong><em>οίνανεοίνμενος</em></strong></span> <span class='ocrx_word' id='word_1_198' title='bbox 762 2478 810 2541; x_wconf 85' lang='grc' dir='ltr'><strong><em>τοίς</em></strong></span> <span class='ocrx_word' id='word_1_199' title='bbox 822 2499 904 2551; x_wconf 87' lang='grc' dir='ltr'><strong><em>γενσ·</em></strong></span> 
     </span>
     <span class='ocr_line' id='line_1_30' title="bbox 145 2555 903 2635; baseline 0.011 -23"><span class='ocrx_word' id='word_1_200' title='bbox 145 2560 224 2623; x_wconf 86' lang='grc' dir='ltr'><strong><em>αὲνας</em></strong></span> <span class='ocrx_word' id='word_1_201' title='bbox 237 2555 307 2632; x_wconf 74' lang='grc' dir='ltr'><strong><em>αὐτῷ</em></strong></span> <span class='ocrx_word' id='word_1_202' title='bbox 320 2560 387 2635; x_wconf 81' lang='grc' dir='ltr'><strong><em>πρὸς</em></strong></span> <span class='ocrx_word' id='word_1_203' title='bbox 399 2564 429 2617; x_wconf 85' lang='grc' dir='ltr'><strong><em>τὸ</em></strong></span> <span class='ocrx_word' id='word_1_204' title='bbox 450 2561 539 2617; x_wconf 85' lang='grc' dir='ltr'><strong><em>κοινδν</em></strong></span> <span class='ocrx_word' id='word_1_205' title='bbox 553 2563 603 2616; x_wconf 83' lang='grc' dir='ltr'><strong><em>τῶν</em></strong></span> <span class='ocrx_word' id='word_1_206' title='bbox 630 2563 729 2617; x_wconf 86' lang='grc' dir='ltr'><strong><em>πόλεων</em></strong></span> <span class='ocrx_word' id='word_1_207' title='bbox 756 2564 903 2632; x_wconf 77' lang='grc' dir='ltr'><strong><em>συνθήκας</em></strong></span> 
     </span>
    </p>
   </div>
   <div class='ocr_carea' id='block_1_4' title="bbox 47 2674 193 2802">
    <p class='ocr_par' dir='ltr' id='par_1_5' title="bbox 47 2674 193 2802">
     <span class='ocr_line' id='line_1_31' title="bbox 47 2674 193 2802; baseline -0.007 -98"><span class='ocrx_word' id='word_1_208' title='bbox 47 2674 193 2802; x_wconf 40' lang='grc' dir='ltr'><strong><em>ι,</em></strong></span> 
     </span>
    </p>
   </div>
   <div class='ocr_carea' id='block_1_5' title="bbox 0 0 950 2970">
    <p class='ocr_par' dir='ltr' id='par_1_6' title="bbox 0 0 950 2970">
     <span class='ocr_line' id='line_1_32' title="bbox 0 0 950 2970; baseline 0 0"><span class='ocrx_word' id='word_1_209' title='bbox 0 0 950 2970; x_wconf 95' lang='lat' dir='ltr'><strong><em> </em></strong></span> 
     </span>
    </p>
   </div>
  </div>
 </body>
</html>
