1890 2970
141 71 193 168 τις
260 104 418 156 οιοιιτειι
435 104 785 157 σοοισκοαιοεεοοιε

140 213 230 268 πόνου
256 210 442 270 καταλύεσθαι
468 211 530 275 τοῦς
541 213 686 284 πολέμους,
713 207 738 266 εί
758 209 789 266 δέ
808 211 846 285 μή
867 231 900 283 γε,

142 297 192 352 σῦν
210 296 333 371 ἐλαχίστῃ
352 297 400 352 τοῦ
426 297 614 371 στρατιωτικοῦ
634 294 761 363 πλήθους
784 294 900 370 δαπάνη,
940 250 944 353 ί

144 381 263 453 πολέμων
275 403 299 437 τε
313 379 438 438 ἁπάντων
448 381 590 442 κακίστους
597 375 754 452 ἡγούμενος,
770 379 819 435 καί
831 383 900 436 πλεῖ-

143 487 193 520 στα
207 467 314 541 λυπηρά
327 464 440 534 ἔχοντας,
461 459 509 528 οῦς
522 466 587 537 πρός
600 465 735 538 συγγενεῖς
748 463 798 521 καὶ
810 466 902 537 φίλους

144 548 355 621 ἀναγκαζόμενοί
385 568 450 613 τινες
480 545 673 622 ἀναιροῦνται,
706 549 902 627 ἐπιεικεστέραν

142 633 272 706 μάλλονῆ
291 633 461 707 δικαιοτέρων
477 627 541 705 ᾤετο
557 630 611 687 δεῖν
635 626 726 697 αδτολς
748 632 901 690 διαλῦσεων.

144 717 232 792 κρῦφα
247 738 272 771 τε
287 718 317 788 δη
331 719 440 788 πέμπων
452 718 518 791 πρός
531 715 594 778 τοῦς
605 717 841 787 ἐπιφανεστάτους
850 723 902 774 Λα·

144 803 221 855 τίνων
243 799 417 864 ἀνυπόπτους
441 801 522 866 τινάς,
548 799 640 856 έπειθε
665 801 761 871 φιλίαν
780 803 902 876 πράττειν

144 887 205 948 ταῖς
221 887 329 941 πόλεσι·
355 883 402 940 καί
426 886 455 938 ίιι
480 887 528 939 τοῦ
554 885 671 960 φανεροῦ
690 885 903 958 πρεσβευόμενος

145 971 213 1023 κατά
224 970 311 1032 πόλεις
318 966 398 1024 τεκαί
411 968 477 1040 πρός
487 969 517 1023 τό
530 968 629 1034 κοινόν,
646 963 680 1022 οῦ
691 971 817 1038 χαλεπῶς
829 973 903 1040 έξειρ·

144 1053 247 1125 γάσατο
260 1053 353 1126 μηκέτι
366 1051 413 1120 τήν
426 1046 511 1122 αῦτην
528 1047 647 1143 ἀπαντρς
659 1050 745 1125 δρμην
759 1051 830 1124 ἔχειν
842 1054 905 1128 πρός

144 1138 192 1190 τόν
206 1137 337 1208 πόλεμον·
362 1135 479 1209 μάλιστα
492 1130 520 1191 δ’
535 1130 633 1199 αῦτοῦς
645 1137 849 1210 ἐξεθεράπευσε,
864 1135 906 1192 καὶ

146 1220 191 1275 διά
208 1219 333 1290 τοιαῦτης
358 1215 507 1295 εὐεργεσίας
527 1219 666 1289 διαστῆναι
685 1222 754 1295 πρός
766 1222 833 1286 τοῦς
848 1216 906 1294 ἦγε·

144 1305 228 1376 μόνας
244 1304 375 1374 ἐποίησεν.
408 1302 435 1359 οἱ
459 1302 486 1359 δέ
497 1305 547 1373 την
571 1299 759 1380 αὐτοκράτορα
778 1307 902 1381 παρειλη·

147 1390 225 1460 φότες
238 1391 367 1446 Λατίνων
392 1388 563 1463 στρατηγίαν,
591 1389 730 1460 Μαμίλιός
742 1410 773 1445 τε
786 1387 835 1446 καλ
850 1391 907 1454 ΣεἙ-
943 1424 944 1459 η

146 1493 199 1539 τος,
224 1476 251 1528 ἐν
280 1473 406 1546 Τοῦσιλῳ
432 1474 506 1528 πόλει
531 1472 578 1536 τάς
596 1471 722 1546 δυνάμεις
741 1475 906 1544 συνέχοντες,

147 1559 375 1631 παρεσκευάζοντο
392 1556 441 1628 μέν
463 1555 496 1622 ὧς
514 1557 649 1621 ἐλάσοντες
668 1556 774 1628 όπλτήν
791 1554 906 1631 Ῥώμην·

149 1639 287 1698 ἐδαπάνων
303 1640 330 1696 δέ
343 1640 429 1696 πολῦν
442 1637 477 1702 εἷς
496 1642 526 1696 τό
544 1642 645 1713 μέλλειν
656 1642 772 1716 χρόνον,
800 1643 852 1698 εἴτε
864 1642 906 1704 τάς

148 1723 335 1799 ὑστεριζούσας
362 1722 533 1798 ἀναμένοντες
558 1726 653 1789 πόλεις,
681 1727 732 1780 εἴτε
759 1728 814 1782 τῶν
833 1725 905 1800 ἱερῶν

148 1805 240 1874 αὐτοῖς
254 1804 287 1864 οῦ
300 1809 446 1883 γινομένων
458 1809 551 1864 καλῶν.
579 1813 607 1864 έν
615 1807 701 1882 ταύτην
718 1809 750 1877 δη
775 1808 812 1884 τηῦ
821 1811 905 1884 χρόνῳ

149 1893 214 1955 τινές
228 1890 454 1964 ἀποσκιδνάμενοι
466 1895 515 1947 τοῦ
530 1891 711 1967 στρατοπέδου
719 1936 728 1960 ,
754 1895 806 1964 τὴν
819 1893 905 1968 χώραν

147 1977 197 2029 τῶν
208 1972 344 2046 Ῥωμαίων
357 1977 503 2051 ἐπόρθουν.
529 1979 609 2032 τοῦτο
628 1976 728 2048 μαθὼν
747 1977 903 2055 ὄΛάριιιοι.

149 2055 300 2115 ἀποστέλλει
317 2061 506 2117 τόνΚλοίλιον
524 2056 563 2115 ἐπ’
590 2056 696 2126 αῦτοῦς,
725 2058 834 2133 ἄγοντα
858 2062 905 2117 τῶν

148 2142 250 2201 ἱππέων
269 2165 296 2198 τε
314 2143 361 2200 καί
380 2145 464 2216 ψιλῶν
481 2144 543 2208 τοῦς
563 2141 777 2220 ἀνδρειοτάτους.
805 2142 835 2212 ῦς
853 2145 906 2202 ἔπι-

147 2226 240 2298 φανείς
265 2224 357 2293 αδτοῒς
382 2225 595 2302 ἀπροσδόκητος,
623 2225 730 2301 ὀλίγους
754 2231 808 2302 μέν
834 2249 907 2293 τινας

148 2309 297 2368 ἀποκτείνει
308 2312 461 2384 μαχόμενος,
481 2313 542 2378 τοῦς
555 2311 583 2368 δέ
599 2315 709 2378 λοιποῦς
723 2308 906 2385 αἷχμαλόιτους

147 2397 285 2469 λαμβάνει.
313 2394 427 2460 τοότονς
448 2395 464 2452 δ
491 2397 610 2470 Λάρκιος
627 2400 656 2452 ίνι
668 2400 726 2459 ,τῶν
744 2400 908 2475 τραυμάτων

147 2476 297 2552 ἀναλαβὼν,
325 2479 446 2544 καὶτοῖς
470 2474 561 2545 άλλαις
584 2479 788 2555 εἰιθερατιεῦσας
812 2485 908 2556 φιλαν·

146 2565 293 2629 θρωπίαις,
319 2561 471 2620 ἀπέστειλεν
490 2561 524 2626 είς
540 2566 678 2622 Τοῦσκλον
697 2564 824 2638 ἀθρόους
845 2563 908 2623 ἄνευ
