1890 2970
169 102 443 173 ANTIQVITATVM
458 100 593 158 ROMAN.
603 104 666 156 LIB.
676 106 709 158 V.
766 114 817 171 183

65 207 197 277 λσνιικέας
208 212 373 317 έξαφθέντες,
388 208 555 268 συνάπτουσι
566 210 661 283 μάχην.
675 210 815 289 δδρτυόμι·

62 297 106 353 νοέ
118 316 146 351 τι
157 296 209 372 γάρ
223 293 269 350 καλ
281 294 344 358 τοδς
355 292 454 357 ἵππους
471 288 581 369 άμσνττς
592 293 638 355 ,έπλ
653 297 701 352 τδν
719 299 812 367 πάτον,

61 379 204 455 άνέβαινσν
216 377 259 435 ἐπὶ
272 378 342 435 πολδ
355 379 404 435 τοῦ
418 396 556 452 ποταμσυ·
568 375 724 453 βραχδςδ
746 380 815 457 έῤῥει

60 465 213 536 τηνικαῦτα,
240 458 316 521 σδπω
329 467 384 527 τοῖς
398 465 552 538 χειμερινοῖς
566 457 647 519 ὕδασι
666 463 811 534 πληθύων·

60 545 113 605 ω’·στ
111 543 252 623 ’ὀλίγον’
239 547 305 623 υπέρ
317 567 366 604 του
350 544 516 623 Ημάνατος
501 566 600 617 τχσνττς
613 541 696 604 αδτδν
707 551 811 650 έπεραι-

61 637 150 690 οῦντο.
176 634 326 704 συμπλοκῆς
344 631 373 687 δέ
385 650 455 696 τινος
470 630 574 706 στράτου
588 627 686 706 άλλμοις
698 627 811 710 πρδς’
778 654 811 689 ου

60 715 175 780 πολλοδς
186 718 333 819 γενομένης,
356 714 498 790 ,ἐξέδραμόν
522 735 590 779 τινας
606 716 810 818 έπικουρουντες

60 805 117 866 τοῖς
130 800 264 904 σφετέροις
285 803 312 866 έξ
326 803 451 876 ἑκατέρου
472 800 600 876 χάρακος·
627 794 713 856 ἕποιθ’
724 791 811 875 ἕτεροι

59 881 177 941 πάλιν’
159 883 303 957 αμάνοντις
327 887 383 949 τοῖς
400 885 615 955 κατισχυομένοις
633 887 661 939 ἐκ
681 886 808 959 θατέρου.

58 968 105 1026 καὶ
117 967 176 1024 τοτὲ
195 969 244 1041 μέν
256 966 282 1024 ολ
292 963 434 1043 Ῥωμαῖοι
431 967 493 1031 τοδς
506 967 643 1040 Σαβλνους
656 964 811 1025 άνέστελλον

58 1051 114 1109 άπδ
127 1071 176 1108 του
194 1049 320 1128 νάματος
345 1052 405 1110 τοτὲ
425 1049 506 1107 δέ
479 1072 507 1106 οι
532 1051 651 1123 Σαβῖνοι
675 1052 737 1116 τοὺς
746 1049 809 1108 “-Ρω

56 1139 154 1210 μαλους
166 1138 215 1191 3²·
178 1157 281 1212 ειρμον
293 1137 342 1192 τοῦ
355 1155 490 1208 ποταμου.
502 1136 605 1192 πολλῶν
618 1133 647 1190 δέ
661 1137 750 1207 φόνων
764 1136 810 1192 καλ

58 1221 214 1295 τραυμάτων
226 1221 384 1294 γινομένων,
399 1217 444 1274 καὶ
463 1214 657 1291 φιλονεικίας
638 1241 739 1278 απασιν
759 1225 810 1293 έμ·

57 1303 202 1374 πεσούσης,
233 1299 278 1360 οἷα
296 1302 356 1378 περὶ
374 1305 421 1369 τάς
438 1300 587 1376 άψιμαχέας
607 1305 653 1369 τάς
671 1307 699 1361 ἐκ
713 1306 809 1380 καιροῦ

57 1387 245 1460 συμπεσοδσας
254 1388 378 1460 μένισθαι
392 1388 470 1459 φιλεῖ,
483 1386 625 1464 προθυμία
633 1391 687 1452 τοῖς
699 1385 809 1463 ἡγεμόσι

57 1473 109 1527 τῶν
120 1472 303 1548 στρατοπέδων
315 1471 396 1544 δμοέα
409 1473 524 1545 παρέστη
539 1468 686 1543 διαβαίνειν
701 1476 746 1529 τὸν
760 1493 809 1528 πο·

58 1557 151 1659 ταμάν.
165 1553 270 1625 ἔφθασε
285 1553 312 1610 δέ
333 1557 433 1633 πρῶτος
445 1554 461 1610 δ
475 1556 526 1610 τῶν
541 1549 677 1627 Ῥωμαίων
696 1550 807 1622 ὕπατος,

58 1638 104 1694 καὶ
131 1637 289 1713 διαβιβάσας
313 1641 361 1695 τδν
386 1640 514 1713 στρατδν,
545 1638 582 1693 ἔτι
608 1639 658 1694 τῶν
684 1641 810 1713 Σαβίνων

58 1722 234 1823 ὁπλιζομένων
251 1743 278 1777 τε
291 1722 336 1778 καλ
349 1721 384 1787 εἰς
396 1724 468 1787 τάξιν
480 1723 691 1793 καθισταμένων,
706 1725 734 1778 έν
745 1745 803 1798 χερ

57 1807 101 1863 σιν
113 1827 154 1876 ην
181 1828 213 1863 ου
225 1828 278 1884 μην
293 1801 471 1881 έμτλλησανμ
498 1799 556 1862 οὔδ’
582 1808 677 1862 ἐκεῖνον
701 1808 809 1863 θέσθαι
846 1813 850 1819 ’

56 1892 152 1993 μάρην,
168 1891 366 1966 καταφρονήσει
385 1890 470 1967 πολλῇ
482 1890 655 1967 ἐπαρθέντες,
683 1887 726 1947 δτι
747 1887 808 1947 οὔτε

56 1977 122 2050 πρὸς
135 1973 301 2052 ἅμφοτέρους
314 1975 375 2040 τοδς
389 1973 519 2050 δπάτους,
540 1969 604 2031 οὔτε
617 1971 716 2051 πρδς”
697 1997 808 2033 απιισαυ

55 2061 105 2125 τήν
127 2053 262 2131 Ῥωμαίων
282 2058 395 2132 δύναμιν
419 2057 526 2132 έμτλλσν
549 2055 734 2130 άγωνιεῖσθαι,
761 2060 808 2115 καὶ

47 2142 229 2214 συρράξαντες
241 2144 376 2213 ἐμάχοντο,
391 2137 629 2199 πάσανιῦτολαίαν
641 2143 687 2199 καὶ
700 2147 806 2218 προθυ·

55 2227 121 2294 μίαν
134 2224 332 2298 ένδεικνάμενσι

118 2307 256 2368 XXXIX.
276 2305 384 2383 Ἀμῶνος
396 2310 424 2366 δι
437 2329 564 2386 καρτερον
583 2293 738 2411 γινομένου,
758 2308 805 2364 καὶ

57 2412 106 2447 του
90 2392 253 2456 ‘aegeon‘
221 2413 270 2447 των
279 2388 413 2467 Ῥωμαίων
425 2396 539 2469 κέρατος,
560 2381 663 2449 ένθπ
649 2413 681 2460 ην
701 2391 717 2448 ά
736 2385 805 2449 άπαι

57 2495 102 2540 τος
115 2475 295 2549 Ποστοάμιος,
310 2477 493 2550 ἐπιβαίνοντος
516 2479 573 2543 τοῖς
593 2476 740 2582 έναυτέρις,
758 2476 805 2532 καλ

58 2564 213 2638 προσωτέρω
224 2582 381 2634 χωρουντος,
401 2557 489 2617 τοῖνδ’
504 2555 644 2634 εάωνάμου
661 2561 805 2637 κάμνοντος
