1890 2970
141 143 191 200 168
257 134 415 189 DIONYSII
426 130 770 229 mcmAssmsls
844 200 846 205 Ι
895 131 934 144 “’

139 231 300 322 ᾗχρῶμενοι
309 239 438 316 Ῥωμαῖοι
452 241 612 316 διεφύλαξαν
625 237 843 318 εὐδαιμονοῦσαν
857 242 902 308 τήι
921 246 925 253 “

139 332 218 386 πόλιν
230 328 275 386 ἐπί
287 323 386 394 πολλοῖς
398 324 498 402 μενεύς,
513 331 611 393 ἐκεῖνος
624 322 712 403 ἄρξαι,
739 329 838 401 νόμους
857 347 907 385 να·

139 415 201 479 λούς
213 414 259 472 καί
272 416 465 489 συμφέροντας,
480 409 621 490 οῖμροίφους
632 413 901 517 μὲντούςπλείστους,

140 498 195 556 ῖστι
210 493 281 554 δ’“
247 520 294 565 ους
307 521 352 556 και
342 499 392 556 ίν
408 500 551 602 μριίμμοσι
576 500 711 570 κειμένους
736 502 904 570 κατοοτησοί·

139 606 225 658 μενος,
252 569 288 641 ῶν
313 584 364 660 ε’γῶ
381 584 444 648 τούς
458 584 508 656 μὲν
526 578 621 648 ῶλλους
635 578 716 640 ούδέν
730 582 826 658 δέομαι
838 586 904 684 μρρῖ·

139 691 207 742 φειν,
223 663 271 734 σύς
286 668 315 725 δὲ
327 671 435 725 πάντων
447 671 565 742 μύλιστα
579 668 751 740 τεθαύμακα,
771 692 817 726 και
807 668 856 734 ἐξ
868 657 904 724 ῶν

141 753 275 827 ύπείληφα
287 758 430 827 καταφανῆ
445 752 490 810 καί
504 755 552 824 τὴν
566 776 582 809 α
571 749 647 822 ’λλην
660 774 709 810 του
693 751 820 831 ιίνδρδς
831 757 904 827 μετέ-

139 845 209 897 σθαι
221 837 431 912 νομοθεσίαν,
412 861 446 904 ως
459 834 594 942 αύστηροί
597 839 642 895 καί
659 841 843 913 μισοπόνηρος
861 829 902 906 ἦν,

138 947 184 981 και
174 924 326 992 πσλλήν”
310 945 410 995 εχονσα
424 927 491 999 πρύς
504 925 566 988 τούς
579 919 706 999 ἦρωϊκούς
720 923 826 997 βίους“
811 925 903 994 ομοιύ·

139 1031 220 1080 τητα,
248 1006 281 1065 δι’
308 1007 397 1084 ὀλίγης
424 1008 594 1082 ύπομνήσιως
619 1010 743 1082 σημανῶ,
771 1009 903 1065 τοσούτον

139 1095 280 1170 προειπὼν,
296 1090 339 1151 ὅτι
350 1114 399 1162 μοι
413 1094 540 1150 δοκοῖσιν
553 1088 668 1158 ἅπαντες
688 1092 715 1149 σί
734 1092 903 1158 διατάξαντες

139 1182 186 1246 τοίς
198 1201 225 1235 τε
237 1176 407 1255 βαρβαρικοῖς
420 1178 465 1235 καί
477 1175 524 1246 τοῖς
538 1175 692 1249 Ἑλληνικοῖς
712 1178 848 1243 πολιτείας
871 1181 902 1234 τύ

139 1264 187 1340 μίν
197 1267 289 1320 κοινὸν
303 1261 391 1339 ὀρθῶς
405 1263 479 1332 ίδεῖν,
494 1259 536 1319 ὅτι
549 1265 626 1320 πόλιν
638 1259 749 1320 ἅπασαν
761 1265 902 1320 ε’κπολλῶν

139 1352 218 1406 οίκων
236 1351 414 1415 συνεστῶσαν,
435 1346 523 1423 δρθὴν
535 1370 565 1423 με
579 1351 654 1404 πλεῖν
667 1346 735 1414 είκύς
749 1344 791 1406 ὅτε
808 1347 835 1405 ολ
850 1350 901 1404 τῶν

139 1431 249 1491 ἰδιωτῶν
262 1430 418 1490 εύσταθῶσι
431 1435 496 1506 βίοι,
512 1433 558 1489 καί
573 1436 689 1507 χειμῶνα
716 1435 799 1491 πολύν
815 1428 902 1509 δ’μειν,

139 1515 205 1576 ὅταν
217 1521 300 1585 κακῶς
314 1520 434 1583 ἑκάστοις
448 1517 523 1588 ἔχωσι
537 1539 568 1574 τα
564 1515 654 1574 ίδια·
680 1519 726 1575 καί
746 1519 788 1574 δτι
802 1518 842 1574 δεῖ
855 1519 902 1575 τδν

140 1605 204 1661 νούν
215 1604 310 1674 ἔχοντα
324 1606 497 1670 πολιτιιιύν,1
484 1604 531 1658 εοίν
544 1624 572 1659 τε
586 1605 770 1677 νομοθέτης,
756 1605 804 1660 εοίν
815 1625 842 1660 τε
849 1606 899 1679 βα

140 1676 254 1753 σιλεύς
236 1712 263 1763 η,
280 1693 364 1746 ταῦτα
378 1682 570 1763 νομοθετεῖν“
551 1711 568 1744 α
590 1689 694 1757 ποιήσει
715 1689 837 1754 δικαίους
854 1689 902 1746 καί

139 1774 278 1850 σώφρονας
292 1775 353 1840 τούς
365 1772 475 1830 ἰδιωτῶν
488 1774 621 1848 βίουςέξ
633 1761 668 1828 ῶν
682 1768 737 1828 δ”
719 1796 752 1829 αν
763 1774 900 1846 ἐπιτηδευ-

136 1861 227 1933 ματων
241 1879 286 1913 και
277 1854 373 1914 δι
349 1880 412 1915 οιων
437 1863 558 1934 γένοιντο
585 1861 702 1915 τοιούτω
727 1859 823 1932 νόμων,
850 1856 900 1915 ούκ

139 1938 211 2000 ί”θ
195 1943 292 2015 ομοίως
305 1939 419 2009 ἅπαντες
434 1944 547 2000 δοκοῦσί
559 1965 607 2016 μοι
619 1943 751 2001 συνιδεῖν·
766 1939 822 2000 ἀλλ’
835 1944 903 2002 ἔνιοί

139 2048 168 2104 με
182 2029 282 2084 πολλοῦ
297 2027 341 2083 καί
354 2030 403 2083 τού
418 2033 525 2096 παντὸς,
538 2028 572 2094 ῶς
585 2027 677 2096 εἰπεῖν,
693 2032 721 2084 ίν
738 2024 794 2095 τοῖς
801 2050 902 2102 κυριω-

139 2115 229 2178 τύτοις
242 2113 288 2170 καί
301 2117 413 2188 πρώτοις
424 2116 518 2218 μέρεσι
528 2117 573 2182 τῆς
587 2113 780 2186 νομοθεσίας
764 2118 902 2190 αμαρτεῖν.

140 2195 237 2255 αύτῖκα
250 2195 310 2272 περὶ
322 2200 415 2272 μα’μων
428 2197 474 2254 καί
488 2201 532 2266 τῆς
550 2201 617 2273 πρὸς
633 2201 763 2271 γυναῖκας
788 2199 901 2273 ὁμιλίας,

140 2280 187 2387 ἄρ’
203 2271 234 2353 ἧς
246 2278 383 2356 ἄρχεσθαι
397 2282 437 2338 δεῖ
449 2286 495 2339 τὸν
507 2285 672 2355 νομοθέτην,
700 2279 786 2359 ῶσπερ
813 2284 861 2342 καί
884 2307 901 2352 η

138 2369 217 2438 φύσις
231 2366 372 2442 ἁρμόττειν
386 2369 446 2431 τούς
459 2363 564 2440 βίους“
549 2370 623 2441 ημῶν
643 2363 753 2444 ἤρξατο·
792 2367 819 2424 σί
840 2371 900 2442 μίν,

138 2451 193 2508 είπύ
207 2455 259 2508 τῶν
272 2453 378 2529 θηρίων
390 2455 419 2508 τύ
434 2450 605 2527 καρύδειμμα
623 2454 813 2526 λαμβάνοντες,
834 2451 901 2526 οῖφῖ-

131 2555 196 2597 τσας
204 2537 361 2605 καίνσινιίς
387 2534 433 2606 τιίς
454 2537 537 2614 μίξεις
560 2537 721 2606 ἐποιήσαντο
745 2544 781 2613 τῷ
807 2534 901 2615 ῶῤῥενι

108 2618 181 2684 πρός
195 2623 229 2674 ια’
240 2625 325 2694 θῆλν,
343 2623 381 2694 ῶς
393 2627 531 2706 ἐρωτικῶν
547 2648 574 2688 τε
588 2626 704 2710 οῖστροιι
713 2627 909 2701 &summov-
