1890 2970
169 101 439 173 ANTIQVITATvs
462 100 599 157 ROMAN.
617 103 726 157 LIB.V.
787 112 837 167 231

80 204 170 314 ,ἥξειν
188 204 286 274 αιῖτοδς
304 208 369 281 ἔφη,
388 207 436 265 καί
454 210 573 284 παρέξειν
586 209 657 280 σφοῖς
671 205 768 275 αέτοδς
781 215 837 276 τοῖς

81 297 138 364 „ss
159 295 286 374 ιρσίτισια
305 291 366 369 περὶ
384 294 434 349 τοῦ
447 312 540 349 κοινου
526 290 777 366 ’βουλεύουσιν
747 315 839 350 ιυπει-

81 382 167 446 ,θεῖς
181 380 262 434 εἴωθε
273 379 327 453 γάρ
344 374 387 432 ἀεί
411 397 465 442 πως
478 381 508 434 τὸ
523 372 683 447 ἀνδητον”
663 399 745 444 απαν,
774 373 840 434 ὅταν

81 464 148 533 ,μέν
160 485 197 529 τις
211 458 278 518 αιῖτδ
298 458 440 535 κολακείη,
458 462 561 535 μεγάλα
580 464 705 538 φρονεῖν·
731 457 797 518 ὅταν
811 460 839 517 δέ

81 547 259 618 ,δεδίττηται
274 548 431 623 σωφρονεῖν.
434 552 453 579 “

119 698 145 746 S·
160 694 188 742 0·
202 695 234 745 de
243 695 434 762 suspendendis
450 691 634 745 exactionibus
651 691 806 746 invalidum.

150 795 251 856 LXIX.
273 787 362 855 Αῖται
379 799 428 872 μέν
438 796 469 855 αἱ
481 800 604 857 πλεῖστον
616 794 735 867 ἀλλήλων
749 797 841 870 διαφέ·

86 903 183 960 ρουσαι
202 885 305 958 γνῶμαι
324 887 488 954 ἐλέχθησαν·
513 880 600 958 έτεραι
620 883 649 940 δέ
666 901 733 946 τινες
752 880 782 937 αῖ
794 884 841 952 την

85 967 182 1041 μεταξιῖ
195 966 297 1024 τούτων
310 966 419 1038 έχουσαι
435 968 532 1043 χώραν,
560 967 664 1037 συχναί.
688 965 715 1023 οῖ
727 966 776 1040 μέν
787 967 839 1042 γάρ

86 1048 185 1116 αὐτοῖς
195 1054 280 1125 μόνον
293 1048 427 1124 ἀφεῖσθαι
445 1053 495 1107 τῶν
511 1052 595 1126 χρεών
613 1050 676 1114 τοῖς
694 1049 777 1126 μηδέν
794 1070 841 1104 ιτε-

89 1138 232 1208 ιιτημένους
244 1132 343 1205 ἠξίουν,
357 1138 391 1192 τοί
403 1136 527 1209 χρήματα
552 1136 692 1200 ποιοῦντες
716 1131 841 1209 ἀγώγιμα

87 1224 143 1283 τοῖς
156 1219 314 1285 δανεισταῖς,
342 1214 376 1277 οὔ·
386 1220 420 1277 τά
434 1219 562 1293 σώματα·
587 1217 615 1277 σί
626 1219 657 1274 δέ
666 1219 696 1275 τδ
712 1217 842 1292 δημόσιον

88 1303 155 1376 ὑπὲρ
168 1304 219 1357 τών
233 1300 373 1358 ἀδυνοίτων
392 1302 517 1358 διαλῦσαι
542 1303 575 1358 τά
599 1303 754 1378 συμβόλαια
768 1322 842 1359 συνε-

88 1386 227 1457 βούλευον,
241 1385 287 1440 ῖνα
300 1382 345 1454 ἦτε
357 1388 444 1449 πίστις
462 1389 514 1442 τῶν
531 1387 650 1456 πενήτων
666 1384 719 1442 ὑπὸ
739 1388 785 1456 τῆς
798 1386 843 1454 δη·

88 1469 185 1544 μοσίσς
197 1471 328 1544 φυλαχθῇ
337 1472 455 1546 χοίριτος,
468 1469 515 1526 καί
528 1468 555 1525 οἱ
567 1471 778 1543 συμβεβληκότες
791 1465 843 1525 αὗ-

89 1557 145 1616 τοῖς
155 1554 236 1624 μηδέν
248 1551 424 1623 ἀδικηθῶσιν.
449 1554 536 1617 ἐδόκει
562 1555 590 1613 δέ
602 1573 656 1610 τισι
668 1550 715 1609 καί
728 1554 779 1608 τῶν
791 1549 841 1623 ἤδη

90 1640 271 1710 κατεχομένων
296 1641 363 1714 πρὸς
383 1639 421 1701 ,τοί
444 1633 522 1715 χρέα,
546 1638 594 1694 καὶ
620 1640 671 1694 τῶν
695 1636 842 1711 μελλόντων

90 1720 330 1828 ἀφαιρεθήσεσθαι
343 1725 391 1794 τήν
400 1724 566 1798 ἐλευθερίαν,
592 1720 734 1796 ῥύσασθαι
747 1722 780 1778 τοί
793 1721 843 1777 σώ·

88 1826 171 1880 ματα,
197 1808 296 1863 ἐκτῶν
320 1803 526 1879 αἰχμαλώτων
516 1827 591 1909 ειερα
616 1809 673 1871 τοῖς
696 1805 844 1869 δανεισταῖς

90 1890 351 1963 διαμειψαμένουςε
338 1893 404 1967 υτιέρ
423 1885 512 1948 αυιοῖν
530 1889 650 1993 σίιμμτα.
675 1887 803 1946 τοιούτων
817 1888 845 1946 δέ

89 1995 169 2029 τινων
181 1971 367 2044 λεχθέντων,
352 1997 368 2045 η
383 1977 482 2038 νιιιιῖσα
499 1963 532 2040 ίιν
544 1974 647 2049 γνώμη,
674 1974 757 2048 μηδέν
769 1978 797 2031 έν
810 1995 844 2048 τφ

90 2060 205 2131 παρέντι
219 2062 348 2163 γενέσθαι
362 2058 423 2136 περὶ
446 2054 534 2115 αὔτέῖν
539 2056 752 2134 προβοδλευμα·
779 2053 845 2113 ὅταν

90 2142 119 2197 δέ
131 2143 161 2197 τὸ
175 2143 318 2217 κρσίτιστον
331 2142 444 2211 τέλοςε
417 2165 444 2200 οι
457 2164 477 2197 π
479 2145 568 2216 έλεμοι
581 2143 690 2215 λοίβωσι,
704 2143 763 2198 τότε
779 2161 845 2216 προ·

91 2230 184 2283 θεῖναι
196 2226 259 2291 τοὺς
272 2225 390 2293 έιποίτους
402 2229 491 2302 λόγον,
517 2226 564 2282 καί
583 2229 678 2300 ψῆφον
691 2221 846 2281 ἀποδοῦναι

91 2314 148 2374 τοῖς
161 2310 313 2384 συνέδροις·
338 2314 399 2376 τέως
425 2312 454 2368 δέ
477 2309 608 2385 μηδεμίαν
621 2311 755 2384 είσπραξιν
767 2301 845 2376 εἶναι,

91 2396 156 2465 μήτε
168 2395 337 2468 συμβολαίου
348 2396 467 2499 μηδενὸς,
475 2396 541 2468 μίχτι
552 2393 696 2462 καταδίκης
706 2392 845 2498 μηδεμιᾶς,

93 2479 227 2548 ἀφεῖσθαι
242 2479 270 2535 δέ
284 2479 331 2536 καί
343 2481 390 2547 τάς
408 2475 488 2544 ἀλλος
513 2476 724 2553 ἀμφισβητήσεις
749 2478 845 2544 παίσας,

93 2561 139 2619 ιιαί
151 2565 215 2635 μητε
229 2566 263 2619 τοί
282 2564 438 2640 δικαστήρια
464 2565 590 2632 καθίζειν,
616 2564 681 2632 μήτε
707 2564 753 2626 τοῖς
766 2558 849 2634 ἀρχαῖς
