1890 2970
41 2716 131 2806 h

148 105 187 165 ,42
269 102 429 154 DIONYSII
446 101 785 153 HALICARNASSENSIS

152 212 250 286 ,γενόκ
259 205 781 283 τῶνἐλευθερουμένωνέπιτραφήσεσθαι
789 211 910 278 νεότητα,

153 292 218 361 ,καί
230 286 358 350 οὐδέποτε
372 286 517 364 ὠπορήσειν
536 292 584 362 τήν
597 295 676 348 πόλιν
696 289 798 347 οἷκτίων
807 288 907 359 ὅπλων,

152 371 228 445 ,ἄλλ’
241 375 305 442 itm
319 375 443 448 δυνάμεις
450 369 644 451 όίγεινδιαρκεῖς
658 372 708 450 κη’ίν
725 378 793 450 πρός
805 379 909 444 πάντας

153 459 336 536 ,,σλνθρώπους
344 457 508 534 ὠνυγκασθῇ
515 463 645 530 πολεμεῖν.
656 459 737 532 χωρίς
750 458 778 515 δί
790 463 839 515 τοῦ
846 483 907 518 κοι-

153 545 207 621 ,κη’
215 544 359 620 χρησίμου,
378 540 487 617 καλίδίρ
499 545 584 600 Ιπολλοὶ
597 538 825 615 ὠφεληθήσεσθαι
844 546 907 610 τοῦς

155 626 375 702 ,,εῦπορωτοίτσυς
394 623 544 698 Ῥωμαίων,
565 627 612 683 έιίν
635 628 698 691 τοῦς
711 624 906 705 ἀπελευθέρους

152 715 233 780 ,ἐῶσι
251 711 440 781 τήςίκκλησίος
456 714 589 785 μετίγεεν,
602 714 631 767 ίν
648 712 797 781 ἐκκλησίαις
814 732 843 766 τε
861 713 907 768 καὶ

152 797 360 871 ,,ψηφηφσρίαις
378 794 423 853 καί
437 798 495 860 ταῖς
508 790 907 870 ἄλλαιςπσλιτικαλςγρείαιςτοίς

153 879 282 953 ,χάριτας
294 883 322 937 έν
333 868 494 953 οἷςμόλιστα
505 877 610 936 δέονται
623 881 761 955 πράγμασι
769 882 906 954 κομιζομέ·

152 983 242 1032 ,,νους,
256 963 302 1020 καί
307 964 369 1029 τοῦς
374 967 403 1020 ἐκ
409 965 460 1019 τῶν
468 959 653 1038 ἀπελευθέρων
658 966 812 1039 γινομένους
824 965 906 1020 πελό-

153 1043 725 1123 ,,ταςτοῦςέκγόνοιςαῦτώνκαταλιπόντας.“
735 1050 906 1104 Τοιαῦτολέ-

153 1153 248 1209 γοντος
260 1128 347 1188 αῦτοῦ
360 1126 542 1207 συνεγώρησαν
557 1129 584 1188 σί
596 1133 732 1208 πατρίκιοι
744 1132 775 1186 τό
789 1130 855 1196 ἔθος
868 1129 905 1196 εἰς

155 1219 202 1286 τήν
215 1217 514 1292 πολιτείανιπαρελθκῖν,
536 1214 669 1289 καὶμέχρι
682 1217 734 1271 τῶν
752 1211 817 1272 καθ’
836 1211 905 1287 ήμιῖς

153 1301 253 1373 χρόνων
271 1298 305 1367 ὥς
321 1298 349 1355 έν
362 1320 388 1355 τι
409 1300 459 1355 τῶν
479 1298 554 1372 ἱερῶν
573 1299 620 1356 καί
638 1297 769 1369 ἀκινήτων
787 1301 906 1373 νομίμων

156 1385 267 1440 διατελεῖ
274 1378 345 1441 τοῦτ’
357 1387 386 1440 έν
398 1382 432 1458 τῇ
444 1385 519 1439 πόλει
530 1384 738 1456 φυλαττόμενον.

217 1465 323 1526 XXIV.
344 1461 487 1534 Ἐπειδήδέ
499 1469 568 1523 κατιί
580 1468 661 1523 τοῦτο
673 1470 771 1541 γέγονα
784 1471 815 1524 τό
827 1470 905 1544 μέρος

153 1555 201 1609 τσῦ
217 1552 385 1627 διηγήματος,
401 1546 549 1626 ἀναγκαῖον
562 1545 632 1606 είναί
641 1572 688 1623 μοι
702 1552 774 1607 δοκεῖ
788 1550 905 1608 διελθεῖν

154 1634 187 1700 ὠς
199 1631 249 1704 εἶχε
271 1637 330 1692 τότε
346 1631 484 1714 Ῥωμαίοις
502 1636 536 1691 τιί
553 1634 613 1710 περὶ
632 1637 694 1701 τοῦς
713 1635 824 1700 δοίλους
842 1635 903 1704 ἔθη,

153 1720 197 1776 ίνα
206 1721 273 1794 μήτε
286 1722 333 1776 τόν
346 1721 460 1792 βασιλέα
472 1719 519 1775 τόν
537 1721 640 1793 πρῶτον
653 1721 855 1794 ἐπιχειρήσαντα
869 1719 905 1794 τηῖ

154 1804 213 1868 τούς
226 1803 431 1867 δεδουλευκότας
444 1799 542 1867 ὠοτοῦς
555 1806 649 1869 ποιεῖν,
663 1806 729 1875 μήτε
740 1805 801 1868 τοῦς
813 1823 904 1879 παρα-

153 1886 359 1960 δεξαμένουςτόν
371 1886 463 1956 νόμον,
477 1883 664 1963 ε’ναίτίαιςσγῇ
678 1909 725 1955 τις,
739 1886 905 1963 ὧςριπτοῦν-

153 1990 198 2034 τας
211 1967 265 2040 είκή
283 1971 318 2027 τοί
342 1971 419 2026 καλό.
436 1968 578 2044 έτῦγγανον
599 1971 630 2041 δή
648 1975 705 2036 τοῦς
719 1967 855 2046 Ῥωμαίοις
875 1970 905 2028 αί

153 2056 201 2108 τῶν
214 2054 390 2129 θεραπόντων
401 2054 503 2124 κτήσεις
515 2056 584 2110 κατὰ
596 2055 657 2118 τοῦς
670 2055 853 2121 δικαιοτάτους
863 2078 905 2130 γε·

152 2139 259 2207 υόμεναι
271 2140 397 2213 τρόπους.
411 2135 429 2207 ή
439 2141 491 2216 γτὶρ
504 2135 668 2212 ὠνησάμενοι
680 2143 754 2215 παρά
766 2140 904 2212 τσῦδημο·

152 2223 214 2277 σίου
227 2223 289 2286 τοὺς
304 2221 355 2277 ῦπό
369 2223 435 2297 δόρυ
449 2226 634 2296 πωλουμένους
647 2227 675 2279 ἐκ
694 2226 746 2280 τών
767 2222 903 2298 λαφδρων,

152 2302 229 2374 ήτσῦ
248 2307 401 2383 στρατηγοῦ
419 2308 637 2381 συγχωρήσαντος
655 2303 712 2380 ἅμα
733 2312 791 2374 ταῖς
809 2304 904 2372 σ’ίλλαις

149 2386 285 2461 ὠφελείαις
301 2390 347 2447 καί
360 2389 543 2467 δορυαλώτους
559 2393 615 2456 τοῦς
635 2391 766 2462 λαβοῦσιν
787 2391 859 2458 ἔχειν,
886 2389 905 2462 ἢ

150 2475 292 2549 πριάμενοι
310 2471 373 2548 παρ’
392 2476 484 2548 ἑτέρων
503 2475 571 2530 κατιλ
590 2474 652 2537 τοῦς
669 2468 767 2536 αὐτοῦς
786 2477 904 2546 τρόπους

150 2548 246 2631 κυρίων
257 2561 411 2632 γενομένων,
426 2559 564 2624 ἐκέκτηντο
577 2558 638 2620 τσδς
652 2555 770 2622 δσίλσυς.
792 2552 853 2613 σῦδέ
868 2557 902 2627 δή
