<?xml version="1.0" encoding="UTF-8"?>
<!DOCTYPE html PUBLIC "-//W3C//DTD XHTML 1.0 Transitional//EN"
    "http://www.w3.org/TR/xhtml1/DTD/xhtml1-transitional.dtd">
<html xmlns="http://www.w3.org/1999/xhtml" xml:lang="en" lang="en">
 <head>
  <title>
</title>
<meta http-equiv="Content-Type" content="text/html;charset=utf-8" />
  <meta name='ocr-system' content='tesseract 3.04.00' />
  <meta name='ocr-capabilities' content='ocr_page ocr_carea ocr_par ocr_line ocrx_word'/>
</head>
<body>
  <div class='ocr_page' id='page_1' title='image "./operaomnia00diongoog_0819.png"; bbox 0 0 1890 2970; ppageno 0'>
   <div class='ocr_carea' id='block_1_1' title="bbox 177 110 830 176">
    <p class='ocr_par' dir='ltr' id='par_1_1' title="bbox 177 110 830 176">
     <span class='ocr_line' id='line_1_1' title="bbox 177 110 830 176; baseline 0.003 -14"><span class='ocrx_word' id='word_1_1' title='bbox 177 110 452 176; x_wconf 81' lang='lat' dir='ltr'><strong>ANTIQVITATVM</strong></span> <span class='ocrx_word' id='word_1_2' title='bbox 469 110 604 162; x_wconf 82' lang='lat' dir='ltr'><strong>ROMAN.</strong></span> <span class='ocrx_word' id='word_1_3' title='bbox 622 113 685 161; x_wconf 85' lang='lat' dir='ltr'><strong>LIB.</strong></span> <span class='ocrx_word' id='word_1_4' title='bbox 702 113 746 162; x_wconf 86' lang='lat' dir='ltr'><strong><em>VL</em></strong></span> <span class='ocrx_word' id='word_1_5' title='bbox 781 119 830 172; x_wconf 84' lang='grc'><strong><em>315</em></strong></span> 
     </span>
    </p>
   </div>
   <div class='ocr_carea' id='block_1_2' title="bbox 64 212 830 2391">
    <p class='ocr_par' dir='ltr' id='par_1_2' title="bbox 66 212 830 1718">
     <span class='ocr_line' id='line_1_2' title="bbox 76 212 830 291; baseline 0.007 -21"><span class='ocrx_word' id='word_1_6' title='bbox 76 216 151 288; x_wconf 74' lang='grc' dir='ltr'><strong><em>δήμῳ</em></strong></span> <span class='ocrx_word' id='word_1_7' title='bbox 165 221 367 290; x_wconf 77' lang='grc' dir='ltr'><strong><em>κεχαρισμένους</em></strong></span> <span class='ocrx_word' id='word_1_8' title='bbox 381 212 480 290; x_wconf 75' lang='grc' dir='ltr'><strong><em>ἄνδρας</em></strong></span> <span class='ocrx_word' id='word_1_9' title='bbox 493 216 540 272; x_wconf 82' lang='grc' dir='ltr'><strong><em>καί</em></strong></span> <span class='ocrx_word' id='word_1_10' title='bbox 553 214 752 291; x_wconf 72' lang='grc' dir='ltr'><strong><em>ἀριστοκρατίᾳ,</em></strong></span> <span class='ocrx_word' id='word_1_11' title='bbox 773 221 830 275; x_wconf 78' lang='lat'><em>116-</em></span> 
     </span>
     <span class='ocr_line' id='line_1_3' title="bbox 74 289 830 373; baseline 0.005 -18"><span class='ocrx_word' id='word_1_12' title='bbox 74 301 348 372; x_wconf 84' lang='grc' dir='ltr'><strong><em>στουμονΚομίνιον,</em></strong></span> <span class='ocrx_word' id='word_1_13' title='bbox 367 299 412 355; x_wconf 80' lang='grc' dir='ltr'><strong><em>καλ</em></strong></span> <span class='ocrx_word' id='word_1_14' title='bbox 431 303 552 373; x_wconf 82' lang='grc' dir='ltr'><strong><em>Σπόριον</em></strong></span> <span class='ocrx_word' id='word_1_15' title='bbox 572 303 708 369; x_wconf 82' lang='grc' dir='ltr'><strong><em>Κάσσιον,</em></strong></span> <span class='ocrx_word' id='word_1_16' title='bbox 734 289 813 372; x_wconf 81' lang='grc' dir='ltr'><strong><em>ὑφ’</em></strong></span> <span class='ocrx_word' id='word_1_17' title='bbox 795 325 830 359; x_wconf 79' lang='grc' dir='ltr'><strong><em>ων</em></strong></span> 
     </span>
     <span class='ocr_line' id='line_1_4' title="bbox 73 380 828 487; baseline 0.004 -49"><span class='ocrx_word' id='word_1_18' title='bbox 73 386 194 455; x_wconf 77' lang='grc' dir='ltr'><strong><em>Σαβῖνοι</em></strong></span> <span class='ocrx_word' id='word_1_19' title='bbox 207 387 517 487; x_wconf 79' lang='grc' dir='ltr'><strong><em>κριταπολεμηθὲντες”</em></strong></span> <span class='ocrx_word' id='word_1_20' title='bbox 486 408 532 453; x_wconf 87' lang='grc' dir='ltr'><strong><em>της</em></strong></span> <span class='ocrx_word' id='word_1_21' title='bbox 550 380 691 486; x_wconf 82' lang='grc' dir='ltr'><strong><em>ἡγεμονίρις</em></strong></span> <span class='ocrx_word' id='word_1_22' title='bbox 710 381 828 455; x_wconf 85' lang='grc' dir='ltr'><strong><em>άπὲστη-</em></strong></span> 
     </span>
     <span class='ocr_line' id='line_1_5' title="bbox 72 467 827 542; baseline 0.003 -19"><span class='ocrx_word' id='word_1_23' title='bbox 72 487 132 538; x_wconf 86' lang='grc' dir='ltr'><strong><em>σαν,</em></strong></span> <span class='ocrx_word' id='word_1_24' title='bbox 146 467 190 522; x_wconf 81' lang='grc' dir='ltr'><strong><em>ἐπὶ</em></strong></span> <span class='ocrx_word' id='word_1_25' title='bbox 203 472 247 537; x_wconf 81' lang='grc' dir='ltr'><strong><em>τῆς</em></strong></span> <span class='ocrx_word' id='word_1_26' title='bbox 259 468 459 542; x_wconf 73' lang='grc' dir='ltr'><strong><em>ἑβδομηκοστῆς</em></strong></span> <span class='ocrx_word' id='word_1_27' title='bbox 471 491 516 524; x_wconf 89' lang='grc' dir='ltr'><strong><em>και</em></strong></span> <span class='ocrx_word' id='word_1_28' title='bbox 508 467 672 542; x_wconf 43' lang='grc' dir='ltr'><strong><em>Ηὲβδόμης</em></strong></span> <span class='ocrx_word' id='word_1_29' title='bbox 657 492 671 524; x_wconf 90' lang='grc' dir='ltr'><strong><em>ο</em></strong></span> <span class='ocrx_word' id='word_1_30' title='bbox 673 469 827 542; x_wconf 88' lang='grc' dir='ltr'><strong><em>λυμπιάδος,</em></strong></span> 
     </span>
     <span class='ocr_line' id='line_1_6' title="bbox 71 546 827 629; baseline 0.003 -23"><span class='ocrx_word' id='word_1_31' title='bbox 71 546 106 618; x_wconf 80' lang='grc' dir='ltr'><strong><em>ἣν</em></strong></span> <span class='ocrx_word' id='word_1_32' title='bbox 120 552 194 606; x_wconf 77' lang='grc' dir='ltr'><strong><em>ἐνίκα</em></strong></span> <span class='ocrx_word' id='word_1_33' title='bbox 208 552 320 609; x_wconf 86' lang='grc' dir='ltr'><strong><em>στάδιον</em></strong></span> <span class='ocrx_word' id='word_1_34' title='bbox 337 554 494 625; x_wconf 76' lang='grc' dir='ltr'><strong><em>Τισικράτης</em></strong></span> <span class='ocrx_word' id='word_1_35' title='bbox 507 556 700 629; x_wconf 86' lang='grc' dir='ltr'><strong><em>Κροτωνιάτης,</em></strong></span> <span class='ocrx_word' id='word_1_36' title='bbox 726 550 827 626; x_wconf 85' lang='grc' dir='ltr'><strong><em>άργον-</em></strong></span> 
     </span>
     <span class='ocr_line' id='line_1_7' title="bbox 72 627 827 712; baseline 0.003 -22"><span class='ocrx_word' id='word_1_37' title='bbox 72 656 130 698; x_wconf 91' lang='grc' dir='ltr'><strong><em>τος</em></strong></span> <span class='ocrx_word' id='word_1_38' title='bbox 136 629 260 709; x_wconf 72' lang='grc' dir='ltr'><strong><em>Ἀθήνησι</em></strong></span> <span class='ocrx_word' id='word_1_39' title='bbox 275 638 435 710; x_wconf 73' lang='grc' dir='ltr'><strong><em>Διογνήτου.</em></strong></span> <span class='ocrx_word' id='word_1_40' title='bbox 464 627 542 693; x_wconf 80' lang='grc' dir='ltr'><strong><em>οὗτοι</em></strong></span> <span class='ocrx_word' id='word_1_41' title='bbox 567 639 809 712; x_wconf 79' lang='grc' dir='ltr'><strong><em>παραλαβόντες</em></strong></span> <span class='ocrx_word' id='word_1_42' title='bbox 779 659 827 707; x_wconf 89' lang='grc' dir='ltr'><strong><em>την</em></strong></span> 
     </span>
     <span class='ocr_line' id='line_1_8' title="bbox 72 716 826 820; baseline 0.008 -48"><span class='ocrx_word' id='word_1_43' title='bbox 72 716 156 820; x_wconf 78' lang='grc' dir='ltr'><strong><em>άργην</em></strong></span> <span class='ocrx_word' id='word_1_44' title='bbox 169 721 312 784; x_wconf 77' lang='grc' dir='ltr'><strong><em>καλάνδαις</em></strong></span> <span class='ocrx_word' id='word_1_45' title='bbox 326 722 528 792; x_wconf 73' lang='grc' dir='ltr'><strong><em>Σεπτεμβρίαις,</em></strong></span> <span class='ocrx_word' id='word_1_46' title='bbox 541 719 675 778; x_wconf 73' lang='grc' dir='ltr'><strong><em>θάττσν’“</em></strong></span> <span class='ocrx_word' id='word_1_47' title='bbox 656 745 673 792; x_wconf 92' lang='grc' dir='ltr'><strong><em>η</em></strong></span> <span class='ocrx_word' id='word_1_48' title='bbox 687 725 744 785; x_wconf 83' lang='grc' dir='ltr'><strong><em>τοῖς</em></strong></span> <span class='ocrx_word' id='word_1_49' title='bbox 756 744 826 794; x_wconf 89' lang='grc' dir='ltr'><strong><em>προ-</em></strong></span> 
     </span>
     <span class='ocr_line' id='line_1_9' title="bbox 71 792 824 907; baseline 0.005 -50"><span class='ocrx_word' id='word_1_50' title='bbox 71 805 155 877; x_wconf 84' lang='grc' dir='ltr'><strong><em>τέροις</em></strong></span> <span class='ocrx_word' id='word_1_51' title='bbox 167 792 261 868; x_wconf 77' lang='grc' dir='ltr'><strong><em>ἔθος</em></strong></span> <span class='ocrx_word' id='word_1_52' title='bbox 244 826 285 873; x_wconf 89' lang='grc' dir='ltr'><strong><em>ην,</em></strong></span> <span class='ocrx_word' id='word_1_53' title='bbox 300 804 363 879; x_wconf 89' lang='grc' dir='ltr'><strong><em>πριν</em></strong></span> <span class='ocrx_word' id='word_1_54' title='bbox 375 825 391 871; x_wconf 93' lang='grc' dir='ltr'><strong><em>η</em></strong></span> <span class='ocrx_word' id='word_1_55' title='bbox 411 806 462 858; x_wconf 87' lang='grc' dir='ltr'><strong><em>τῶν</em></strong></span> <span class='ocrx_word' id='word_1_56' title='bbox 476 801 522 860; x_wconf 89' lang='grc' dir='ltr'><strong><em>άλλ</em></strong></span> <span class='ocrx_word' id='word_1_57' title='bbox 525 826 561 860; x_wconf 91' lang='grc' dir='ltr'><strong><em>ων</em></strong></span> <span class='ocrx_word' id='word_1_58' title='bbox 574 826 598 860; x_wconf 90' lang='grc' dir='ltr'><strong><em>τι</em></strong></span> <span class='ocrx_word' id='word_1_59' title='bbox 613 803 824 907; x_wconf 71' lang='grc' dir='ltr'><strong><em>διαπράξασθαι,</em></strong></span> 
     </span>
     <span class='ocr_line' id='line_1_10' title="bbox 68 887 823 991; baseline 0.005 -49"><span class='ocrx_word' id='word_1_60' title='bbox 68 888 171 959; x_wconf 74' lang='grc' dir='ltr'><strong><em>βουλήν</em></strong></span> <span class='ocrx_word' id='word_1_61' title='bbox 185 892 392 961; x_wconf 70' lang='grc' dir='ltr'><strong><em>συγκαλέσαντες</em></strong></span> <span class='ocrx_word' id='word_1_62' title='bbox 401 887 463 962; x_wconf 80' lang='grc' dir='ltr'><strong><em>περὶ</em></strong></span> <span class='ocrx_word' id='word_1_63' title='bbox 476 892 522 959; x_wconf 77' lang='grc' dir='ltr'><strong><em>τῆς</em></strong></span> <span class='ocrx_word' id='word_1_64' title='bbox 534 889 653 945; x_wconf 80' lang='grc' dir='ltr'><strong><em>καθάδοε</em></strong></span> <span class='ocrx_word' id='word_1_65' title='bbox 644 912 661 943; x_wconf 88' lang='grc' dir='ltr'><strong><em>ι</em></strong></span> <span class='ocrx_word' id='word_1_66' title='bbox 674 892 725 945; x_wconf 85' lang='grc' dir='ltr'><strong><em>τῶν</em></strong></span> <span class='ocrx_word' id='word_1_67' title='bbox 739 890 823 991; x_wconf 87' lang='grc' dir='ltr'><strong><em>δημο</em></strong></span> 
     </span>
     <span class='ocr_line' id='line_1_11' title="bbox 69 967 825 1048; baseline 0.008 -24"><span class='ocrx_word' id='word_1_68' title='bbox 69 973 166 1038; x_wconf 80' lang='grc' dir='ltr'><strong><em>πικῶν,Ι</em></strong></span> <span class='ocrx_word' id='word_1_69' title='bbox 182 972 292 1046; x_wconf 76' lang='grc' dir='ltr'><strong><em>λέγειν’</em></strong></span> <span class='ocrx_word' id='word_1_70' title='bbox 277 974 368 1045; x_wconf 83' lang='grc' dir='ltr'><strong><em>ηξίουν</em></strong></span> <span class='ocrx_word' id='word_1_71' title='bbox 381 967 415 1040; x_wconf 82' lang='grc' dir='ltr'><strong><em>ἥν</em></strong></span> <span class='ocrx_word' id='word_1_72' title='bbox 433 992 493 1027; x_wconf 88' lang='grc' dir='ltr'><strong><em>τινα</em></strong></span> <span class='ocrx_word' id='word_1_73' title='bbox 507 972 658 1028; x_wconf 84' lang='grc' dir='ltr'><strong><em>διάνοιαν”</em></strong></span> <span class='ocrx_word' id='word_1_74' title='bbox 644 995 707 1043; x_wconf 81' lang='grc' dir='ltr'><strong><em>εγοι,</em></strong></span> <span class='ocrx_word' id='word_1_75' title='bbox 721 976 825 1048; x_wconf 83' lang='grc' dir='ltr'><strong><em>πρῶτον</em></strong></span> 
     </span>
     <span class='ocr_line' id='line_1_12' title="bbox 69 1049 825 1132; baseline 0.004 -22"><span class='ocrx_word' id='word_1_76' title='bbox 69 1049 271 1130; x_wconf 72' lang='grc' dir='ltr'><strong><em>άποφῄνασθαι</em></strong></span> <span class='ocrx_word' id='word_1_77' title='bbox 284 1057 499 1130; x_wconf 81' lang='grc' dir='ltr'><strong><em>παρακαλοῦντες</em></strong></span> <span class='ocrx_word' id='word_1_78' title='bbox 517 1051 605 1129; x_wconf 83' lang='grc' dir='ltr'><strong><em>άνδρα</em></strong></span> <span class='ocrx_word' id='word_1_79' title='bbox 631 1051 732 1126; x_wconf 74' lang='grc' dir='ltr'><strong><em>ἡλικίας</em></strong></span> <span class='ocrx_word' id='word_1_80' title='bbox 751 1061 780 1113; x_wconf 77' lang='grc' dir='ltr'><strong><em>ἐν</em></strong></span> <span class='ocrx_word' id='word_1_81' title='bbox 791 1056 825 1132; x_wconf 70' lang='grc' dir='ltr'><strong><em>τῇ</em></strong></span> 
     </span>
     <span class='ocr_line' id='line_1_13' title="bbox 69 1138 824 1214; baseline 0.003 -20"><span class='ocrx_word' id='word_1_82' title='bbox 69 1141 197 1214; x_wconf 80' lang='grc' dir='ltr'><strong><em>κρατίστῃ</em></strong></span> <span class='ocrx_word' id='word_1_83' title='bbox 210 1143 269 1197; x_wconf 82' lang='grc' dir='ltr'><strong><em>τότε</em></strong></span> <span class='ocrx_word' id='word_1_84' title='bbox 284 1139 358 1206; x_wconf 77' lang='grc' dir='ltr'><strong><em>ὄντα,</em></strong></span> <span class='ocrx_word' id='word_1_85' title='bbox 385 1139 431 1195; x_wconf 80' lang='grc' dir='ltr'><strong><em>καὶ</em></strong></span> <span class='ocrx_word' id='word_1_86' title='bbox 446 1143 550 1197; x_wconf 77' lang='grc' dir='ltr'><strong><em>συνέσει</em></strong></span> <span class='ocrx_word' id='word_1_87' title='bbox 563 1139 696 1197; x_wconf 76' lang='grc' dir='ltr'><strong><em>δοκοῦντα</em></strong></span> <span class='ocrx_word' id='word_1_88' title='bbox 707 1142 758 1196; x_wconf 84' lang='grc' dir='ltr'><strong><em>τῶν</em></strong></span> <span class='ocrx_word' id='word_1_89' title='bbox 772 1138 824 1197; x_wconf 89' lang='grc' dir='ltr'><strong><em>άλ-</em></strong></span> 
     </span>
     <span class='ocr_line' id='line_1_14' title="bbox 70 1219 824 1329; baseline 0 -51"><span class='ocrx_word' id='word_1_90' title='bbox 70 1227 121 1279; x_wconf 93' lang='grc' dir='ltr'><strong><em>λων</em></strong></span> <span class='ocrx_word' id='word_1_91' title='bbox 135 1223 278 1301; x_wconf 84' lang='grc' dir='ltr'><strong><em>διαφερειν,</em></strong></span> <span class='ocrx_word' id='word_1_92' title='bbox 290 1227 406 1296; x_wconf 89' lang='grc' dir='ltr'><strong><em>μαλιστα</em></strong></span> <span class='ocrx_word' id='word_1_93' title='bbox 426 1219 453 1278; x_wconf 90' lang='grc' dir='ltr'><strong><em>δ</em></strong></span> <span class='ocrx_word' id='word_1_94' title='bbox 479 1224 524 1280; x_wconf 78' lang='grc' dir='ltr'><strong><em>ἐπὶ</em></strong></span> <span class='ocrx_word' id='word_1_95' title='bbox 542 1223 576 1300; x_wconf 82' lang='grc' dir='ltr'><strong><em>τῆ</em></strong></span> <span class='ocrx_word' id='word_1_96' title='bbox 588 1226 746 1329; x_wconf 78' lang='grc' dir='ltr'><strong><em>προαιρέσει</em></strong></span> <span class='ocrx_word' id='word_1_97' title='bbox 771 1229 824 1280; x_wconf 82' lang='grc' dir='ltr'><strong><em>τῶν</em></strong></span> 
     </span>
     <span class='ocr_line' id='line_1_15' title="bbox 71 1306 824 1388; baseline 0.005 -26"><span class='ocrx_word' id='word_1_98' title='bbox 71 1310 270 1388; x_wconf 80' lang='grc' dir='ltr'><strong><em>πολιτευμάτων</em></strong></span> <span class='ocrx_word' id='word_1_99' title='bbox 283 1306 489 1379; x_wconf 77' lang='grc' dir='ltr'><strong><em>ἐπαινούμενον,</em></strong></span> <span class='ocrx_word' id='word_1_100' title='bbox 516 1330 558 1363; x_wconf 89' lang='grc' dir='ltr'><strong><em>οτι</em></strong></span> <span class='ocrx_word' id='word_1_101' title='bbox 571 1312 616 1378; x_wconf 76' lang='grc' dir='ltr'><strong><em>τῆς</em></strong></span> <span class='ocrx_word' id='word_1_102' title='bbox 627 1312 708 1380; x_wconf 86' lang='grc' dir='ltr'><strong><em>με’σης</em></strong></span> <span class='ocrx_word' id='word_1_103' title='bbox 731 1311 824 1374; x_wconf 81' lang='grc' dir='ltr'><strong><em>τάξεως</em></strong></span> 
     </span>
     <span class='ocr_line' id='line_1_16' title="bbox 69 1386 822 1468; baseline 0.008 -26"><span class='ocrx_word' id='word_1_104' title='bbox 69 1411 110 1457; x_wconf 90' lang='grc' dir='ltr'><strong><em>ην,</em></strong></span> <span class='ocrx_word' id='word_1_105' title='bbox 126 1386 187 1445; x_wconf 78' lang='grc' dir='ltr'><strong><em>οὕτε</em></strong></span> <span class='ocrx_word' id='word_1_106' title='bbox 200 1393 248 1461; x_wconf 82' lang='grc' dir='ltr'><strong><em>τήν</em></strong></span> <span class='ocrx_word' id='word_1_107' title='bbox 262 1388 461 1447; x_wconf 79' lang='grc' dir='ltr'><strong><em>αὐθάδειαν</em></strong></span> <span class='ocrx_word' id='word_1_108' title='bbox 425 1412 477 1447; x_wconf 91' lang='grc' dir='ltr'><strong><em>των</em></strong></span> <span class='ocrx_word' id='word_1_109' title='bbox 490 1389 714 1468; x_wconf 76' lang='grc' dir='ltr'><strong><em>ἀριστοκρατικῶν</em></strong></span> <span class='ocrx_word' id='word_1_110' title='bbox 728 1389 822 1465; x_wconf 74' lang='grc' dir='ltr'><strong><em>αὔξων,</em></strong></span> 
     </span>
     <span class='ocr_line' id='line_1_17' title="bbox 70 1470 821 1550; baseline 0 -21"><span class='ocrx_word' id='word_1_111' title='bbox 70 1470 131 1529; x_wconf 74' lang='grc' dir='ltr'><strong><em>οὔτε</em></strong></span> <span class='ocrx_word' id='word_1_112' title='bbox 145 1495 179 1546; x_wconf 73' lang='grc' dir='ltr'><strong><em>τρι</em></strong></span> <span class='ocrx_word' id='word_1_113' title='bbox 169 1472 332 1549; x_wconf 80' lang='grc' dir='ltr'><strong><em>δήμῳδσα</em></strong></span> <span class='ocrx_word' id='word_1_114' title='bbox 344 1476 496 1548; x_wconf 75' lang='grc' dir='ltr'><strong><em>βουληθείη</em></strong></span> <span class='ocrx_word' id='word_1_115' title='bbox 520 1478 644 1549; x_wconf 88' lang='grc' dir='ltr'><strong><em>πράττειν</em></strong></span> <span class='ocrx_word' id='word_1_116' title='bbox 669 1479 821 1550; x_wconf 73' lang='grc' dir='ltr'><strong><em>ἐπιτρέπων,</em></strong></span> 
     </span>
     <span class='ocr_line' id='line_1_18' title="bbox 66 1552 823 1634; baseline 0.001 -20"><span class='ocrx_word' id='word_1_117' title='bbox 66 1552 209 1633; x_wconf 75' lang='grc' dir='ltr'><strong><em>Ἀγρίππαν</em></strong></span> <span class='ocrx_word' id='word_1_118' title='bbox 222 1555 402 1616; x_wconf 86' lang='grc' dir='ltr'><strong><em>Μενίνιον·</em></strong></span> <span class='ocrx_word' id='word_1_119' title='bbox 364 1581 414 1626; x_wconf 85' lang='grc' dir='ltr'><strong><em>·ος</em></strong></span> <span class='ocrx_word' id='word_1_120' title='bbox 427 1560 470 1616; x_wconf 77' lang='grc' dir='ltr'><strong><em>ἐπὶ</em></strong></span> <span class='ocrx_word' id='word_1_121' title='bbox 482 1561 529 1625; x_wconf 82' lang='grc' dir='ltr'><strong><em>τάς</em></strong></span> <span class='ocrx_word' id='word_1_122' title='bbox 542 1560 599 1616; x_wconf 92' lang='grc' dir='ltr'><strong><em>διαλ</em></strong></span> <span class='ocrx_word' id='word_1_123' title='bbox 588 1560 726 1634; x_wconf 89' lang='grc' dir='ltr'><strong><em>λλαγάς</em></strong></span> <span class='ocrx_word' id='word_1_124' title='bbox 697 1581 743 1628; x_wconf 86' lang='grc' dir='ltr'><strong><em>την</em></strong></span> <span class='ocrx_word' id='word_1_125' title='bbox 757 1561 823 1632; x_wconf 71' lang='grc' dir='ltr'><strong><em>γλου-</em></strong></span> 
     </span>
     <span class='ocr_line' id='line_1_19' title="bbox 67 1633 823 1718; baseline 0.003 -20"><span class='ocrx_word' id='word_1_126' title='bbox 67 1645 115 1708; x_wconf 80' lang='grc' dir='ltr'><strong><em>λὴν</em></strong></span> <span class='ocrx_word' id='word_1_127' title='bbox 140 1645 288 1717; x_wconf 78' lang='grc' dir='ltr'><strong><em>παρεκάλει,</em></strong></span> <span class='ocrx_word' id='word_1_128' title='bbox 310 1643 373 1699; x_wconf 84' lang='grc' dir='ltr'><strong><em>τάδε</em></strong></span> <span class='ocrx_word' id='word_1_129' title='bbox 396 1644 493 1718; x_wconf 79' lang='grc' dir='ltr'><strong><em>λέγων·</em></strong></span> <span class='ocrx_word' id='word_1_130' title='bbox 530 1642 584 1712; x_wconf 85' lang='grc' dir='ltr'><strong><em>,,Εί</em></strong></span> <span class='ocrx_word' id='word_1_131' title='bbox 608 1646 655 1716; x_wconf 82' lang='grc' dir='ltr'><strong><em>μὲν</em></strong></span> <span class='ocrx_word' id='word_1_132' title='bbox 677 1633 823 1710; x_wconf 80' lang='grc' dir='ltr'><strong><em>ἅπασιν,άι</em></strong></span> 
     </span>
    </p>

    <p class='ocr_par' dir='ltr' id='par_1_3' title="bbox 64 1724 821 2391">
     <span class='ocr_line' id='line_1_20' title="bbox 66 1724 821 1828; baseline 0 -47"><span class='ocrx_word' id='word_1_133' title='bbox 66 1769 83 1794; x_wconf 91' lang='grc'><strong><em>,,</em></strong></span> <span class='ocrx_word' id='word_1_134' title='bbox 76 1728 179 1828; x_wconf 61' lang='grc' dir='ltr'><strong><em>,ρλσυλιῂ</em></strong></span> <span class='ocrx_word' id='word_1_135' title='bbox 192 1731 247 1793; x_wconf 80' lang='grc' dir='ltr'><strong><em>τοῖς</em></strong></span> <span class='ocrx_word' id='word_1_136' title='bbox 260 1730 379 1802; x_wconf 72' lang='grc' dir='ltr'><strong><em>παροῦσι</em></strong></span> <span class='ocrx_word' id='word_1_137' title='bbox 392 1749 438 1797; x_wconf 88' lang='grc' dir='ltr'><strong><em>την</em></strong></span> <span class='ocrx_word' id='word_1_138' title='bbox 452 1724 537 1798; x_wconf 79' lang='grc' dir='ltr'><strong><em>αὗτὴν</em></strong></span> <span class='ocrx_word' id='word_1_139' title='bbox 548 1729 654 1803; x_wconf 86' lang='grc' dir='ltr'><strong><em>γνώμην</em></strong></span> <span class='ocrx_word' id='word_1_140' title='bbox 668 1729 821 1800; x_wconf 81' lang='grc' dir='ltr'><strong><em>συνέβαινεν</em></strong></span> 
     </span>
     <span class='ocr_line' id='line_1_21' title="bbox 65 1809 820 1918; baseline 0 -52"><span class='ocrx_word' id='word_1_141' title='bbox 65 1809 159 1883; x_wconf 80' lang='grc' dir='ltr'><strong><em>,,ἐγειν,</em></strong></span> <span class='ocrx_word' id='word_1_142' title='bbox 174 1834 221 1868; x_wconf 93' lang='grc' dir='ltr'><strong><em>και</em></strong></span> <span class='ocrx_word' id='word_1_143' title='bbox 212 1811 323 1884; x_wconf 84' lang='grc' dir='ltr'><strong><em>μηδείς</em></strong></span> <span class='ocrx_word' id='word_1_144' title='bbox 341 1811 428 1884; x_wconf 71' lang='grc' dir='ltr'><strong><em>ἔμελλε</em></strong></span> <span class='ocrx_word' id='word_1_145' title='bbox 441 1834 499 1876; x_wconf 89' lang='grc' dir='ltr'><strong><em>ταις</em></strong></span> <span class='ocrx_word' id='word_1_146' title='bbox 507 1813 617 1918; x_wconf 87' lang='grc' dir='ltr'><strong><em>πρδς“</em></strong></span> <span class='ocrx_word' id='word_1_147' title='bbox 591 1833 637 1867; x_wconf 86' lang='grc' dir='ltr'><strong><em>ταν</em></strong></span> <span class='ocrx_word' id='word_1_148' title='bbox 651 1812 736 1886; x_wconf 80' lang='grc' dir='ltr'><strong><em>δῆμον</em></strong></span> <span class='ocrx_word' id='word_1_149' title='bbox 748 1810 820 1867; x_wconf 87' lang='grc' dir='ltr'><strong><em>διαλ-</em></strong></span> 
     </span>
     <span class='ocr_line' id='line_1_22' title="bbox 64 1891 820 1996; baseline 0.004 -47"><span class='ocrx_word' id='word_1_150' title='bbox 64 1899 179 1968; x_wconf 82' lang='grc' dir='ltr'><strong><em>,,λαγαῒς</em></strong></span> <span class='ocrx_word' id='word_1_151' title='bbox 204 1897 326 1968; x_wconf 82' lang='grc' dir='ltr'><strong><em>ἐμποδών</em></strong></span> <span class='ocrx_word' id='word_1_152' title='bbox 352 1895 477 1965; x_wconf 81' lang='grc' dir='ltr'><strong><em>εσεοθαι,</em></strong></span> <span class='ocrx_word' id='word_1_153' title='bbox 501 1891 543 1996; x_wconf 75' lang='grc' dir='ltr'><strong><em>ἐφ</em></strong></span> <span class='ocrx_word' id='word_1_154' title='bbox 568 1891 607 1961; x_wconf 77' lang='grc' dir='ltr'><strong><em>οἷς</em></strong></span> <span class='ocrx_word' id='word_1_155' title='bbox 633 1895 820 1968; x_wconf 75' lang='grc' dir='ltr'><strong><em>διαλυσόμεθα</em></strong></span> 
     </span>
     <span class='ocr_line' id='line_1_23' title="bbox 64 1968 819 2055; baseline 0.001 -21"><span class='ocrx_word' id='word_1_156' title='bbox 64 1984 150 2055; x_wconf 87' lang='grc' dir='ltr'><strong><em>,,πρδς</em></strong></span> <span class='ocrx_word' id='word_1_157' title='bbox 163 1976 267 2048; x_wconf 75' lang='grc' dir='ltr'><strong><em>αὐτοὺς,</em></strong></span> <span class='ocrx_word' id='word_1_158' title='bbox 283 1982 332 2037; x_wconf 81' lang='grc' dir='ltr'><strong><em>εἴτε</em></strong></span> <span class='ocrx_word' id='word_1_159' title='bbox 351 1968 513 2044; x_wconf 87' lang='grc' dir='ltr'><strong><em>δικαίοις</em></strong></span> <span class='ocrx_word' id='word_1_160' title='bbox 482 1999 572 2053; x_wconf 86' lang='grc' dir='ltr'><strong><em>ουσιν,</em></strong></span> <span class='ocrx_word' id='word_1_161' title='bbox 598 1982 648 2036; x_wconf 74' lang='grc' dir='ltr'><strong><em>εἴτε</em></strong></span> <span class='ocrx_word' id='word_1_162' title='bbox 659 1983 710 2052; x_wconf 80' lang='grc' dir='ltr'><strong><em>μὴ,</em></strong></span> <span class='ocrx_word' id='word_1_163' title='bbox 739 1981 819 2052; x_wconf 81' lang='grc' dir='ltr'><strong><em>δμόοε</em></strong></span> 
     </span>
     <span class='ocr_line' id='line_1_24' title="bbox 64 2061 818 2142; baseline -0.001 -24"><span class='ocrx_word' id='word_1_164' title='bbox 64 2084 113 2136; x_wconf 84' lang='grc' dir='ltr'><strong><em>,τε</em></strong></span> <span class='ocrx_word' id='word_1_165' title='bbox 125 2067 209 2120; x_wconf 84' lang='grc' dir='ltr'><strong><em>ταῦτα</em></strong></span> <span class='ocrx_word' id='word_1_166' title='bbox 222 2061 365 2142; x_wconf 72' lang='grc' dir='ltr'><strong><em>προῦκειτο</em></strong></span> <span class='ocrx_word' id='word_1_167' title='bbox 381 2068 467 2140; x_wconf 85' lang='grc' dir='ltr'><strong><em>μόνον</em></strong></span> <span class='ocrx_word' id='word_1_168' title='bbox 480 2068 603 2134; x_wconf 84' lang='grc' dir='ltr'><strong><em>σκοπεῖν,</em></strong></span> <span class='ocrx_word' id='word_1_169' title='bbox 628 2061 661 2120; x_wconf 82' lang='grc' dir='ltr'><strong><em>δι’</em></strong></span> <span class='ocrx_word' id='word_1_170' title='bbox 677 2062 802 2138; x_wconf 79' lang='grc' dir='ltr'><strong><em>ὀλίγων’“</em></strong></span> <span class='ocrx_word' id='word_1_171' title='bbox 784 2087 818 2119; x_wconf 87' lang='grc' dir='ltr'><strong><em>αν</em></strong></span> 
     </span>
     <span class='ocr_line' id='line_1_25' title="bbox 65 2144 817 2224; baseline -0.003 -21"><span class='ocrx_word' id='word_1_172' title='bbox 65 2147 148 2221; x_wconf 81' lang='grc' dir='ltr'><strong><em>,,ῧμίν</em></strong></span> <span class='ocrx_word' id='word_1_173' title='bbox 160 2149 280 2214; x_wconf 80' lang='grc' dir='ltr'><strong><em>ἐδήλωσα</em></strong></span> <span class='ocrx_word' id='word_1_174' title='bbox 293 2145 420 2224; x_wconf 72' lang='grc' dir='ltr'><strong><em>λόγων,“</em></strong></span> <span class='ocrx_word' id='word_1_175' title='bbox 401 2172 420 2205; x_wconf 92' lang='grc' dir='ltr'><strong><em>α</em></strong></span> <span class='ocrx_word' id='word_1_176' title='bbox 433 2151 535 2224; x_wconf 80' lang='grc' dir='ltr'><strong><em>φρονῶ.</em></strong></span> <span class='ocrx_word' id='word_1_177' title='bbox 560 2147 651 2217; x_wconf 71' lang='grc' dir='ltr'><strong><em>ἐπειδὴ</em></strong></span> <span class='ocrx_word' id='word_1_178' title='bbox 666 2147 754 2203; x_wconf 80' lang='grc' dir='ltr'><strong><em>δὲκαὶ</em></strong></span> <span class='ocrx_word' id='word_1_179' title='bbox 770 2144 817 2202; x_wconf 85' lang='grc' dir='ltr'><strong><em>αὗ-</em></strong></span> 
     </span>
     <span class='ocr_line' id='line_1_26' title="bbox 65 2232 816 2306; baseline 0 -19"><span class='ocrx_word' id='word_1_180' title='bbox 65 2235 112 2301; x_wconf 88' lang='grc' dir='ltr'><strong><em>,,τό</em></strong></span> <span class='ocrx_word' id='word_1_181' title='bbox 126 2235 207 2288; x_wconf 80' lang='grc' dir='ltr'><strong><em>τοῦτό</em></strong></span> <span class='ocrx_word' id='word_1_182' title='bbox 219 2254 285 2298; x_wconf 83' lang='grc' dir='ltr'><strong><em>τινες</em></strong></span> <span class='ocrx_word' id='word_1_183' title='bbox 303 2236 407 2290; x_wconf 82' lang='grc' dir='ltr'><strong><em>οἴονται</em></strong></span> <span class='ocrx_word' id='word_1_184' title='bbox 431 2235 531 2305; x_wconf 78' lang='grc' dir='ltr'><strong><em>βουλῆς</em></strong></span> <span class='ocrx_word' id='word_1_185' title='bbox 544 2232 582 2290; x_wconf 77' lang='grc' dir='ltr'><strong><em>ἒίι</em></strong></span> <span class='ocrx_word' id='word_1_186' title='bbox 608 2233 676 2298; x_wconf 83' lang='grc' dir='ltr'><strong><em>δεῖν,</em></strong></span> <span class='ocrx_word' id='word_1_187' title='bbox 703 2234 816 2306; x_wconf 84' lang='grc' dir='ltr'><strong><em>πότερον</em></strong></span> 
     </span>
     <span class='ocr_line' id='line_1_27' title="bbox 65 2313 817 2391; baseline -0.004 -19"><span class='ocrx_word' id='word_1_188' title='bbox 65 2315 148 2386; x_wconf 80' lang='grc' dir='ltr'><strong><em>,,ὕμίν</em></strong></span> <span class='ocrx_word' id='word_1_189' title='bbox 161 2313 271 2391; x_wconf 85' lang='grc' dir='ltr'><strong><em>άμεινάν</em></strong></span> <span class='ocrx_word' id='word_1_190' title='bbox 284 2321 341 2374; x_wconf 74' lang='grc' dir='ltr'><strong><em>ἐστι</em></strong></span> <span class='ocrx_word' id='word_1_191' title='bbox 365 2319 501 2389; x_wconf 76' lang='grc' dir='ltr'><strong><em>συμβῆναι</em></strong></span> <span class='ocrx_word' id='word_1_192' title='bbox 514 2319 581 2391; x_wconf 84' lang='grc' dir='ltr'><strong><em>πρὸς</em></strong></span> <span class='ocrx_word' id='word_1_193' title='bbox 593 2316 656 2381; x_wconf 83' lang='grc' dir='ltr'><strong><em>τοδς</em></strong></span> <span class='ocrx_word' id='word_1_194' title='bbox 668 2313 817 2387; x_wconf 84' lang='grc' dir='ltr'><strong><em>άφεοτηκό·</em></strong></span> 
     </span>
    </p>
   </div>
   <div class='ocr_carea' id='block_1_3' title="bbox 64 2393 816 2645">
    <p class='ocr_par' dir='ltr' id='par_1_4' title="bbox 64 2393 816 2645">
     <span class='ocr_line' id='line_1_28' title="bbox 65 2393 816 2475; baseline -0.001 -20"><span class='ocrx_word' id='word_1_195' title='bbox 65 2422 131 2466; x_wconf 92' lang='grc' dir='ltr'><strong><em>,,τας</em></strong></span> <span class='ocrx_word' id='word_1_196' title='bbox 141 2398 158 2470; x_wconf 71' lang='grc' dir='ltr'><strong><em>η’</em></strong></span> <span class='ocrx_word' id='word_1_197' title='bbox 170 2406 307 2474; x_wconf 82' lang='grc' dir='ltr'><strong><em>πολεμεῖν,</em></strong></span> <span class='ocrx_word' id='word_1_198' title='bbox 335 2397 384 2471; x_wconf 81' lang='grc' dir='ltr'><strong><em>οὔχ</em></strong></span> <span class='ocrx_word' id='word_1_199' title='bbox 401 2398 519 2475; x_wconf 75' lang='grc' dir='ltr'><strong><em>ἡγοῦμαι</em></strong></span> <span class='ocrx_word' id='word_1_200' title='bbox 531 2398 628 2475; x_wconf 80' lang='grc' dir='ltr'><strong><em>ῥηίδιον</em></strong></span> <span class='ocrx_word' id='word_1_201' title='bbox 641 2394 711 2456; x_wconf 80' lang='grc' dir='ltr'><strong><em>εἷναί</em></strong></span> <span class='ocrx_word' id='word_1_202' title='bbox 720 2418 767 2472; x_wconf 90' lang='grc' dir='ltr'><strong><em>μοι</em></strong></span> <span class='ocrx_word' id='word_1_203' title='bbox 782 2393 816 2454; x_wconf 69' lang='grc' dir='ltr'><strong><em>δι’</em></strong></span> 
     </span>
     <span class='ocr_line' id='line_1_29' title="bbox 65 2480 814 2560; baseline -0.003 -21"><span class='ocrx_word' id='word_1_204' title='bbox 65 2481 171 2559; x_wconf 80' lang='grc' dir='ltr'><strong><em>,,δλίγης</em></strong></span> <span class='ocrx_word' id='word_1_205' title='bbox 193 2485 325 2556; x_wconf 76' lang='grc' dir='ltr'><strong><em>δηλώσεως</em></strong></span> <span class='ocrx_word' id='word_1_206' title='bbox 343 2480 360 2541; x_wconf 82' lang='grc' dir='ltr'>ὅ</span> <span class='ocrx_word' id='word_1_207' title='bbox 381 2506 406 2540; x_wconf 90' lang='grc' dir='ltr'><strong><em>τι</em></strong></span> <span class='ocrx_word' id='word_1_208' title='bbox 423 2487 473 2559; x_wconf 72' lang='grc' dir='ltr'><strong><em>χρὴ</em></strong></span> <span class='ocrx_word' id='word_1_209' title='bbox 498 2486 623 2560; x_wconf 82' lang='grc' dir='ltr'><strong><em>πράττειν</em></strong></span> <span class='ocrx_word' id='word_1_210' title='bbox 648 2485 814 2560; x_wconf 78' lang='grc' dir='ltr'><strong><em>παραινέσαι,</em></strong></span> 
     </span>
     <span class='ocr_line' id='line_1_30' title="bbox 64 2565 815 2645; baseline -0.001 -20"><span class='ocrx_word' id='word_1_211' title='bbox 64 2565 139 2635; x_wconf 84' lang='grc' dir='ltr'><strong><em>,,άλλ’</em></strong></span> <span class='ocrx_word' id='word_1_212' title='bbox 147 2567 249 2644; x_wconf 87' lang='grc' dir='ltr'><strong><em>άνάγκη</em></strong></span> <span class='ocrx_word' id='word_1_213' title='bbox 265 2571 310 2626; x_wconf 88' lang='grc' dir='ltr'><strong><em>διά</em></strong></span> <span class='ocrx_word' id='word_1_214' title='bbox 323 2570 449 2627; x_wconf 86' lang='grc' dir='ltr'><strong><em>πλειόνων</em></strong></span> <span class='ocrx_word' id='word_1_215' title='bbox 463 2568 567 2634; x_wconf 75' lang='grc' dir='ltr'><strong><em>διδάξαι</em></strong></span> <span class='ocrx_word' id='word_1_216' title='bbox 579 2570 663 2645; x_wconf 86' lang='grc' dir='ltr'><strong><em>λόγων</em></strong></span> <span class='ocrx_word' id='word_1_217' title='bbox 675 2568 739 2632; x_wconf 84' lang='grc' dir='ltr'><strong><em>τοδς</em></strong></span> <span class='ocrx_word' id='word_1_218' title='bbox 750 2569 815 2643; x_wconf 82' lang='grc' dir='ltr'><strong><em>πρδς</em></strong></span> 
     </span>
    </p>
   </div>
   <div class='ocr_carea' id='block_1_4' title="bbox 0 0 950 2970">
    <p class='ocr_par' dir='ltr' id='par_1_5' title="bbox 0 0 950 2970">
     <span class='ocr_line' id='line_1_31' title="bbox 0 0 950 2970; baseline 0 1"><span class='ocrx_word' id='word_1_219' title='bbox 0 0 950 2970; x_wconf 95' lang='lat' dir='ltr'><strong><em> </em></strong></span> 
     </span>
    </p>
   </div>
  </div>
 </body>
</html>
