1890 2970
140 125 190 181 172
254 116 414 168 DIONYSII
435 112 782 169 HALICARNASSENSIS
811 128 814 132 ’

203 224 297 282 XXX.
320 219 367 290 Ὡς
380 221 408 277 δὲ
421 215 494 276 ταῦτ’
510 216 622 288 ἤκουσεν
640 222 655 278 ὅ
671 221 809 294 βασιλεὺς,
832 226 896 280 ἐκεῖ·

139 328 187 364 νον
199 310 247 381 μίν
260 305 451 381 ἀπαγαγόντας
463 305 524 369 τούς
538 304 708 383 δορυφόρους
721 307 840 364 ἐκέλευσε
854 307 897 377 δή·

139 414 194 460 σαι,
208 392 252 448 καί
266 395 403 461 φυλάττειν
421 391 559 463 ἐπιμελῶς·
586 386 666 456 αιίιδς
687 390 715 447 δὲ
727 390 792 456 τούς
805 413 898 448 πιστο·

139 479 235 541 τάτους
248 479 298 532 τῶν
311 477 393 548 φίλων
408 474 581 548 παραλαβὼν,
602 474 649 531 καί
660 475 707 531 τδν
721 475 782 530 υἱὸν
791 470 900 552 Ἄραντα

139 563 404 636 παρακαθισάμενος,
431 554 485 629 μετ’
513 560 618 614 ἐκείνων
637 562 747 615 ἐσκόπει
774 562 801 614 τί
813 563 898 616 ποιῶν

141 649 189 709 τάς
198 646 342 716 ἐπιβουλάς
355 639 443 699 αὖτῶν
455 641 650 717 διακρούονται.
664 645 716 699 τῶν
727 644 777 716 μὲν
788 633 838 700 οίιν
851 641 899 702 άλ-

142 734 193 784 λων
207 727 317 792 ἕκαστος
330 725 438 796 εὗήθεις
457 724 615 799 ἀσφαλείας,
628 729 718 802 λέγων,
744 728 835 784 ίδάκει
848 732 898 785 τῶν

142 813 253 868 δεόντων
268 816 376 887 φρονεῖν
388 807 480 867 σῦδέν·
495 812 511 867 ὅ
525 811 554 866 δὲ
568 808 627 874 υίὸς
639 806 725 867 αδτσῖ
745 815 897 870 τελευταίαν

142 893 298 968 ἀπεφήνατο
310 898 416 971 γνώμην
428 896 610 972 πρεσβυτέραν
629 899 674 966 τῆς
692 893 805 967 ήλικίας,
821 895 899 963 άξιῶν

141 975 225 1036 αὐτόν
250 982 287 1054 μή
308 983 419 1037 σκοπεῖν
438 980 493 1035 τίσι
517 983 650 1052 φυλακαῖς
672 981 808 1057 χρώμενος
821 977 899 1039 οὐδέν

141 1064 260 1119 πείσεται
275 1063 371 1131 δεινὸν,
386 1061 453 1119 άλλά
466 1063 492 1119 τί
506 1066 590 1120 ποιῶν
612 1061 644 1121 οιί
669 1065 792 1133 δεήσεται
812 1070 900 1136 φυλο-

141 1150 203 1216 κής·
216 1149 416 1220 θαυμασάντων
431 1147 459 1203 δὲ
478 1148 526 1217 τήν
540 1147 665 1204 διάνοιαν
683 1144 769 1206 αὐτοῦ
782 1152 897 1217 πάντων,

141 1232 187 1288 καί
200 1233 254 1297 πῶς
267 1229 300 1288 δίν
313 1233 396 1288 τοῖιτο
408 1234 510 1306 με’νσιτο
523 1236 625 1305 μαθεῖν
637 1234 816 1307 βουλομένων,
844 1237 900 1301 „m

141 1317 255 1388 ,φίλους
268 1314 329 1374 άντί
340 1318 480 1390 πολεμίων,
494 1316 559 1390 ἔφη,
573 1318 702 1386 ποιήσαιο
713 1319 775 1384 τοὺς
789 1313 898 1394 ἄνδρας,

142 1404 317 1477 ,,τιμιωτε’ραι·
329 1398 493 1476 ἡγησάμενος
499 1403 547 1472 τήν
554 1404 657 1459 σαυτοῖι
668 1404 755 1476 ψυχήν
768 1403 816 1471 τής
829 1405 900 1458 καθ·

141 1486 229 1552 ,,δδου
253 1489 305 1542 τῶν
330 1488 380 1543 σὺν
396 1485 555 1562 Ταρκυνίοις
567 1487 728 1560 φυγάδων(
745 1484 805 1541 Καί
819 1487 835 1543 ὁ
848 1488 899 1557 βα-

141 1571 227 1634 σιλεδς
244 1573 277 1628 τοί
296 1573 424 1646 κράτιστα
436 1571 484 1644 μὲν
498 1567 593 1642 ίφησεν
606 1567 691 1628 αὐτὸν
710 1573 808 1644 λέγειν,
834 1572 899 1644 βου-

142 1657 185 1722 λῆς
200 1652 223 1710 δ’
238 1650 305 1712 εἶναι
318 1651 392 1720 άξιον
408 1658 437 1710 ιδ
458 1656 578 1728 πρᾶγμα,
599 1657 654 1720 πῶς
667 1650 805 1728 εὐπρεπεῖς
817 1655 898 1728 μενή-

142 1759 236 1795 σονται
260 1743 326 1815 πρὸς
338 1736 437 1802 αὐτοὺς
456 1738 486 1793 αῖ
505 1739 660 1814 διαλλαγαί·
673 1741 793 1811 μεγάλην
807 1737 898 1807 αίσχδ·

141 1843 191 1891 νην
217 1825 327 1895 φάσκων
353 1819 436 1887 εἶναι,
464 1820 486 1877 εί
504 1824 637 1897 κρατήσας
650 1819 738 1879 αὖιῶν
750 1824 832 1898 μάχῃ,
851 1821 897 1877 καί

142 1906 263 1978 τειχήρεις
286 1905 357 1975 ἔχων,
378 1903 558 1972 ἀπελεύσεται,
577 1907 660 1980 μηδὲν
679 1895 715 1963 ἷιν
738 1909 898 1979 Ταρκυνίοις

145 1988 268 2058 ὑπέσχετο
284 1989 501 2064 διαπραξάμενος,
517 1988 605 2064 ὥσπερ
623 1987 766 2063 ήττημὲνος
780 1990 833 2048 ὑπὸ
847 1993 898 2046 τῶν

141 2075 319 2145 νενικημένων,
333 2074 378 2130 καί
392 2073 527 2149 πεφευγὼς
538 2075 601 2138 τοὺς
612 2071 673 2146 μήδ’
687 2079 715 2131 ἐκ
735 2077 786 2132 τῶν
808 2076 898 2130 πυλῶν
939 2128 942 2135 .

142 2157 325 2228 ὑπομένοντας
338 2157 375 2214 ἔτι
388 2161 547 2234 προελθεῖν·
564 2159 630 2233 μίαν
645 2160 673 2215 δὲ
685 2162 771 2233 μάνήν
784 2159 898 2216 ἔσεσθαι
940 2208 944 2215 .

143 2241 301 2312 ὑποφαίνων
328 2245 410 2311 καλήν
422 2248 467 2313 τῆς
493 2242 693 2318 ἐχθραςλίιυιν,
720 2241 745 2299 εί
757 2245 832 2319 παρά
845 2245 899 2298 τῶν

142 2329 275 2398 πολεμίων
289 2329 484 2402 παραγένοιντό
497 2349 564 2394 τινες
582 2330 649 2403 πρὸς
669 2324 752 2384 αὐτὸν
770 2327 833 2405 περί
852 2349 900 2394 φι-
935 2332 938 2337 ’

142 2411 199 2476 λίας
213 2410 398 2483 διαλεξόμενοι.
933 2408 936 2413 ’

207 2493 315 2552 XXXI.
334 2498 425 2550 Ταῦτα
436 2495 485 2568 μὲν
498 2497 556 2552 τότε
568 2497 634 2571 πρδς
647 2497 692 2551 τὸν
705 2493 822 2552 υίδνκαί
834 2499 899 2561 τοδς

137 2578 275 2655 παρόντας
287 2572 378 2639 εἶπεν·
405 2575 506 2660 ὀλίγαις
521 2574 543 2637 δ’
562 2575 675 2647 ὕστερον
693 2576 802 2655 ἡμέραις
815 2576 900 2648 οὗτος
