1890 2970
141 107 710 178 ANTIQvlTATVMROMAN.L113.1v
762 115 811 169 127

57 215 272 315 ,ἐάνάποσιιῖοι
285 217 335 270 τῶν
355 215 504 288 τυράννων,
525 213 744 287 ὑπισχνούμενοι,
769 217 814 270 και

58 287 204 376 ,,ά’δειαν
186 320 220 354 ων
238 296 373 400 ἥμαρτον
372 301 555 371 ψηφιζόμενοι,
570 297 667 402 ρᾳδίως
680 299 814 368 πείσομεν.

58 381 148 487 ,,ρἰὀτε
161 385 337 458 θαῤῥούντες,
353 406 373 438 ω
360 371 511 453 δημόται,
532 403 579 437 και
570 379 731 454 ἀγαθάς”
717 401 815 450 εχοντες

60 467 149 543 ,,ύπε“ρ
175 470 226 523 τῶν
251 469 396 566 μελλόντων
422 466 538 537 ἐλπίδας,
560 468 668 539 χωρεῖτε
692 465 816 537 πρόςτόν

60 550 181 627 ,,άγῶνα,
195 553 332 607 κάλλιστον
345 572 380 605 ων
387 549 491 607 πωποτι
502 544 611 653 ηρασθε
617 550 733 620 πολεμον
742 549 815 604 τόνδε

61 635 302 711 ,,ύποοτησόμενοι
328 633 400 705 ὑμεῖς
417 633 466 704 μίν
485 621 547 704 σύν,
568 620 588 687 ἀι
605 632 669 688 θεοί
687 632 816 733 πατρῷοι,

61 720 198 794 ,φύλακες
218 716 324 792 ἀγαθοί
340 716 416 787 τῆσδε
438 719 484 786 τῆς
496 720 552 791 γῆς,
568 737 613 772 και
603 715 763 788 δαίμονες,
791 713 816 772 αῖ

62 803 145 887 ,,τούς
155 805 270 877 πατέρας
282 798 356 875 ἡμῶν
360 803 519 901 λελόγχατε,
539 821 586 856 και
576 800 679 864 πόλις
691 802 816 872 θεοφιλε

63 888 166 960 ,,στάτη
179 889 295 957 πόλεων,
315 890 343 941 ἐν
356 907 373 958 μ
360 873 514 957 γενέσεώς
531 904 557 939 τε
576 883 622 939 καί
643 885 743 958 τροφῆς
760 883 821 939 ίτύ

64 991 171 1045 ,,χομεν,
186 968 339 1043 ἀμυνοῦμεν
353 968 415 1041 ύμῖν
428 969 473 1023 καί
485 968 590 1070 γνώμῃ,
604 988 649 1023 και
640 967 759 1040 λόγοις,
773 967 818 1024 καί

64 1053 164 1130 ,,χερσί,
177 1053 222 1109 καί
236 1056 345 1128 ψυχαῖς,
359 1053 403 1108 καί
417 1053 526 1121 πάσχειν
539 1049 639 1124 ἕτοιμοι
652 1052 706 1106 πάν
720 1047 771 1107 ὅτι
784 1048 818 1106 ἀν

64 1139 101 1214 ,ὁ
115 1137 216 1212 δαίμων
227 1136 272 1193 καί
285 1139 315 1192 τό
322 1136 406 1211 χρεὼν
420 1138 496 1208 φέρῃ.
511 1135 674 1208 μαντεύομαι
688 1136 716 1191 δι’
729 1138 818 1202 καλοῖς

64 1222 270 1298 ,ἐγχειρήμασιν
289 1216 392 1288 εύτυχὲς
411 1216 608 1288 ἀκολουθήσειν
628 1221 707 1285 τέλος.
734 1222 773 1290 εἴη
790 1220 818 1275 δὲ

65 1306 188 1381 ,,τούτοις
214 1301 299 1360 άπασι
324 1304 354 1358 τό
368 1298 434 1359 αύτό
448 1304 562 1375 λαβοῦσι
576 1304 688 1378 θάρσος,
714 1303 758 1360 καί
771 1301 819 1376 μιρῖ

67 1390 177 1464 ,γνώμῃ
188 1389 372 1462 χρησαμένοις,
387 1386 475 1452 σώζειν
489 1381 520 1442 θ’
532 1382 610 1460 ἡμεῖς,
625 1385 671 1442 καί
685 1386 816 1451 σώζεσθαι

64 1469 132 1548 »ὕφ’
148 1470 244 1543 ύμῶν·“

132 1553 293 1613 LXXXIV.
306 1555 424 1610 Τοιαύτα
438 1555 486 1610 τού
494 1553 619 1628 Βρούτου
633 1553 817 1627 δημηγορούν-

64 1661 119 1712 τος,
135 1636 295 1711 ἀναβοήσεις
309 1659 336 1693 τε
348 1642 462 1707 συνεχεῖς
474 1634 515 1710 ἐφ’
530 1639 630 1710 ἑκάστῳ
643 1639 694 1693 τῶν
708 1638 817 1710 λεγομέ-

64 1744 117 1781 νων
134 1725 162 1777 ίκ
175 1725 223 1777 τού
242 1723 365 1791 πλήθους
383 1725 519 1801 ἐγίνοντο,
548 1722 774 1793 διασημαίνουσαι
787 1720 817 1775 τὸ.

64 1808 229 1882 βουλόμενόν
248 1828 276 1862 τε
289 1807 334 1862 καί
347 1808 567 1878 ἐπικελευόμενον.
588 1809 644 1871 τοῖς
658 1805 687 1860 δι’
700 1806 817 1859 πλείοσιν

65 1887 153 1946 αὐτῶν
173 1891 219 1947 καί
236 1889 340 1965 δάκρυα
360 1886 405 1961 ὕφ’
425 1885 520 1959 ἡδονῆς
540 1889 623 1965 ῖῤῥει,
649 1892 816 1964 θαυμαστῶν

65 1975 111 2031 καί
124 1973 331 2078 ἀπροσδοκήτων
350 1972 480 2030 ἀκούουσι
499 1975 597 2046 λόγων·
612 1975 691 2042 πάθη
710 1994 738 2027 τε
756 1994 814 2029 ποι·

65 2062 127 2115 κίλα
141 2060 188 2127 τὴν
208 2059 320 2114 ἑκάστου
333 2059 421 2132 ιμυχῆν
440 2059 635 2163 κατελάμβανεν
651 2053 729 2112 ούδεν
742 2054 817 2122 ἀλλά

66 2145 122 2207 λοις
135 2144 257 2197 ἐοικότα·
272 2142 367 2205 λύπαις
380 2164 407 2198 τι
418 2143 473 2216 γάρ
485 2162 529 2196 και
520 2137 652 2210 ἡδοναῖς
664 2143 817 2211 ἐκέκραντο

67 2248 109 2289 αις
121 2246 176 2297 μεν,
204 2224 314 2288 επίτοῖς
330 2226 507 2300 προγεγονόσι
526 2224 637 2330 δεινρῖς·
663 2215 762 2292 αιςδ’,
776 2219 820 2275 ἐπὶ

66 2313 123 2374 τοῖς
136 2307 365 2383 προσδοκωμένοις
385 2307 518 2384 ἀγαθοῖς·
545 2307 591 2364 καί
613 2305 703 2377 θυμοί
721 2306 820 2366 συνεξέ-

67 2395 290 2466 πιπτονφόχλοις,
316 2391 343 2447 οἱ
359 2413 408 2464 μεν
427 2391 470 2448 ίπί
489 2391 525 2464 τῷ
543 2392 626 2456 κακῶς
647 2390 773 2464 δράσαντι
786 2388 820 2442 τά

68 2477 225 2550 μισούμενα,
240 2480 285 2547 τῆς
299 2475 443 2547 ἀσφαλείας
456 2475 591 2550 ύπερορρῖν
604 2474 769 2550 ἐπαίροντες·
794 2468 820 2526 οί

69 2561 97 2616 δὲ
110 2565 179 2618 κατά
192 2564 320 2635 λογισμόν
333 2561 381 2618 τού
393 2561 430 2636 μή
451 2559 547 2638 ῥᾳδίαν
569 2552 639 2617 εἶναι
656 2559 705 2629 τὴν
725 2557 827 2614 καθολ-
