1890 2970
136 89 186 150 176
252 85 410 146 DIONYSII
428 83 774 139 HALICARNASSENSIS

135 194 265 268 νρήματα,
280 197 326 251 καί
339 191 532 270 παρτσκείιαζτν
545 188 689 268 άγαπητῶς
711 193 838 264 δέχεσθαι
851 193 898 257 τιίς

136 279 283 355 στρατείας

196 361 306 422 XXIX
337 366 396 420 Ίῶν
422 359 484 419 δ”
459 386 496 430 εις
523 362 651 433 ἄλλὴλσυς
678 358 897 436 ιίδικημάτων’
863 383 896 417 ου

133 451 257 525 χρονίους
270 444 338 505 ἄλλά
351 450 458 518 ταχειας
470 452 587 506 ἐποιεῖτο
606 449 653 513 τάς
672 450 786 524 κρίσεις,
800 448 833 503 τά
845 448 897 520 μὲν

135 531 216 598 αὐτός
229 533 329 600 διελὼν,
344 530 421 589 τάδ’
444 531 535 598 ἄλλοις
547 536 708 609 ἐπιτρόπων·
733 533 778 589 καί
793 533 839 598 τάς
852 554 893 587 τι-

132 621 235 697 μωρίας
261 614 349 674 αόιῶν
362 621 429 722 πρός
442 622 476 675 τά
502 621 606 692 μεγέθη
620 620 671 674 τῶν
698 617 895 695 ἁμαρτημάτων

133 706 258 762 ἐποιεῖτο.
286 701 446 778 άποτρὲπειν
471 725 499 760 τε
525 702 689 780 ἀνθρώπους
716 702 771 761 άπό
798 703 898 766 παντός

133 789 214 864 ἔργου
227 791 347 864 πονηροῦ
361 789 409 859 τόν
418 791 508 863 φόβον
521 791 639 893 μάλιστα
653 788 832 893 δρνάμενον’
816 789 896 863 ορῶκ,

133 871 254 931 πολλά’
231 895 268 938 εις
280 876 362 930 τοῦτο
376 876 604 981 παρεσκευάσατο,
617 860 809 977 χωρίρντεένῷ
825 877 895 928 καθ-

136 961 254 1031 εζόμενος
279 959 409 1027 ἐδίκαζεν,
443 964 472 1016 ἐν
494 960 530 1032 τῷ
554 961 732 1034 φανερωτάτῳ
757 962 803 1031 τῆς
824 955 895 1032 άμο-

135 1065 200 1119 ρας,
228 1042 274 1098 καὶ
299 1046 467 1118 στρατιωτῶν
503 1041 531 1099 οἳ
562 1044 796 1119 παρηκολοίιθουν
822 1037 896 1114 αὐτῷ

135 1130 287 1205 τριακόσιοι
300 1132 346 1185 τόν
374 1128 498 1204 άριθμόν
510 1127 591 1194 ὄντες,
611 1128 896 1201 καταπληκτικωτάτην

135 1216 287 1288 πρόσοψιν,
307 1214 428 1288 ῥάβδους
440 1236 468 1270 τε
481 1214 529 1271 καὶ
543 1217 654 1278 πελέκεις
669 1211 713 1272 ὑπ’
727 1212 833 1289 άνδρῶν
847 1213 898 1268 δάι-

137 1297 200 1354 δεκα
213 1302 387 1372 φερομένους,
401 1299 430 1356 οἳ
441 1299 502 1363 τούς
514 1300 563 1372 μὲν
576 1295 638 1363 άξια
650 1302 788 1374 μαστίγων
802 1296 896 1372 δεδρα-

138 1385 217 1446 κότας
230 1383 332 1448 ἔξαινον
346 1389 374 1440 ἐν
387 1380 490 1459 άμορᾷ,
508 1386 562 1440 τῶν
576 1384 603 1440 δέ
623 1386 656 1440 τά
673 1387 786 1460 μέγιστα
806 1381 897 1453 ἦδικη·

136 1471 221 1525 κότων
239 1469 303 1534 τούς
329 1469 476 1544 τραχήλους
500 1467 654 1526 άπὲκοπτον
680 1475 708 1526 ἐν
734 1470 770 1544 τῷ
781 1470 896 1542 φανερῶ.

136 1556 259 1619 τοιοῦτος
270 1554 319 1624 μὲν
333 1553 364 1621 δι’]
379 1575 417 1618 τις
430 1554 445 1610 ὅ
458 1556 558 1627 κόσμος
571 1544 604 1622 ίςν
617 1553 899 1624 τῆςκατασκευασθεί·

63 1686 68 1695 ,
137 1659 184 1707 σης
198 1637 252 1695 ὑπό
263 1635 402 1711 Ῥωμὺλου
417 1641 562 1705 πολιτείας.
578 1637 683 1717 άπόχρη
696 1639 898 1716 μάρίκτοίιτων

52 2750 92 2822 ἰ

136 1723 181 1780 καί
195 1724 256 1797 περὶ
270 1726 321 1780 τῶν
335 1718 422 1780 ἄλλων
434 1722 549 1781 εἰκάσαι.

313 1825 471 1889 Raptus
498 1824 710 1914 virginum.

196 1890 291 1949 XXX.
317 1893 392 1950 Αἶδί
407 1890 619 1969 άλλαιπράξεις,
648 1918 676 1950 αι
697 1915 724 1950 τε
744 1897 812 1952 κατά
837 1895 901 1961 τοὺς

138 1978 271 2078 πολέμους
297 1976 414 2035 υπότου
398 1976 526 2056 ’ἀνδρὸς
550 1983 692 2054 γινόμεναι
715 1977 761 2035 καλ
786 2001 816 2036 αι
829 2000 900 2036 κατα

138 2050 269 2126 πόλεις,
252 2083 288 2116 ων
300 2057 335 2118 άν
349 2085 388 2129 τις
400 2064 446 2120 καί
467 2067 549 2138 λόγον
572 2066 717 2133 ποιήσαιτο
737 2063 790 2123 ἐν’
780 2066 902 2142 ιστορίας
922 2122 925 2127 ,

137 2146 239 2221 γραφῇ,
259 2149 384 2205 τοιαῦταί
402 2171 470 2214 τινες
488 2149 694 2226 παραδίδονται.
727 2153 831 2208 πολλῶν
849 2171 899 2207 πτ-

137 2232 312 2307 ριαικοόντων
336 2234 398 2303 τήν
410 2236 490 2292 πόλιν
503 2239 604 2303 ἐθνῶν,
632 2236 751 2308 μεγάλων
765 2256 792 2293 τε
807 2233 853 2291 καί
867 2237 901 2291 τά

137 2319 251 2391 πολέμια
263 2307 424 2391 άλιιίμων,
404 2341 440 2376 ων
453 2308 560 2376 οῦδὲν
545 2343 578 2389 ην
592 2323 649 2386 τοῖς
658 2317 797 2395 Ῥωμαίοις
809 2320 899 2395 φίλον,

137 2399 335 2460 οἰκειώσασθαι
353 2407 442 2462 ταῦτα
459 2404 608 2511 βουληθεὶς
626 2402 832 2478 ίπιμαμίαις·”
816 2427 901 2481 οσπερ

137 2485 222 2543 ἐδόκει
235 2489 290 2555 τοῖς
303 2481 473 2554 παλαιοῖς
448 2510 515 2546 ειναι
530 2492 629 2567 τρόπος
647 2490 883 2564 βεβαιότατος
848 2512 900 2547 των

121 2575 325 2632 συναπτόντων
348 2575 457 2649 φιλίας·
479 2575 685 2654 ἐνθυμοῦμενσς
697 2597 726 2634 τε
744 2572 787 2634 ὅτι
802 2577 918 2652 βουλό,
