1890 2970
136 103 414 175 Απτιοπτετννι
431 105 566 158 nomm.
583 108 646 159 Lm.
661 111 693 163 ν.
752 122 803 180 907

55 212 136 277 ιύνιος
149 209 185 276 εἰς
198 215 246 282 τήν
259 213 337 268 πόλιν
351 206 408 283 ἅμα
419 215 474 276 τοῖς
481 214 607 286 πρέσβεσι
621 217 803 280 εῶνΛαιύνωο

55 295 218 360 λνυπόπτους
229 299 302 362 τινός
314 289 420 372 ύνόρας,
428 299 559 372 φέροντας
566 301 688 370 χρνσλον.
702 301 803 362 οἳσυν.

56 383 129 446 όντες
153 378 190 447 εἷς
202 384 300 457 λόγους
317 384 373 445 τοῖς
399 379 511 457 οἶπόροις
536 381 583 436 καὶ
605 386 800 458 θρασυτάτοις,

55 466 90 522 :az
103 470 137 522 τολ
149 467 198 539 μέν
211 461 261 536 ἤδη
277 461 500 532 όιόόντεςαύτοῖς,
510 467 542 522 τολ
556 462 593 535 θ’,
608 465 630 522 εἷ
643 474 801 530 κατέλθοιεν

55 574 70 606 ιι
55 549 209 623 ι’βασιλεῖς,
225 551 454 655 ἐπαγγελλόμενοι,
470 550 585 615 πολλούς
598 553 670 608 πελνυ
684 557 735 611 τῶν
748 579 800 612 πο-

55 637 121 691 ιτιύν
135 635 310 710 διέφθειραν·
331 631 376 690 ιιαλ
389 635 489 707 γίνεται
503 637 659 707 συνωμοσία
672 642 741 694 ιιατσὶ
754 647 800 714 τῆς

54 717 249 794 ἲριοτοιιραιίας
274 739 307 774 ου
297 713 404 790 μόνον
416 721 564 795 ἐλευθερων
586 716 704 796 σῗπόρωιι,
731 721 798 783 αλλιλ

54 827 90 860 αι
80 802 205 860 όούλων
218 805 341 904 πονηρῶν
359 805 513 878 ἐλευθερίας
538 805 641 862 ἐλπλσιν
662 804 800 878 ὑπαχθέν-

54 910 102 955 ’ων,
131 910 157 944 οι
183 887 228 943 ύιολ
253 888 315 951 τούς
340 889 522 952 κολασθέντας
546 887 751 959 όμοόούλουςέν
765 895 800 968 τρύ

54 973 209 1048 ταρελθόντι
221 971 347 1046 ἐνιαυτῷ,
369 972 503 1044 δυσμενῶς
516 970 561 1027 καλ
573 973 720 1045 ἐπιβούλως
736 976 798 1033 ύια-

54 1057 157 1130 εεύμενοι
170 1059 236 1131 πρός
250 1058 312 1120 τούς
335 1055 479 1122 δεσπότας,
505 1053 700 1130 ἅπιστούμενού
711 1082 738 1116 τε
754 1058 798 1118 ὑπ’

53 1137 138 1207 ιύτῶν,
153 1139 199 1195 καὶ
212 1145 240 1196 ἐν
255 1137 386 1212 ὑποψίαις
403 1137 481 1209 ὄντες,
507 1137 541 1204 ὦς
553 1140 599 1197 ιιαλ
612 1137 692 1199 αύτολ
706 1148 798 1218 σφίσιν

56 1225 239 1296 πιθησόμενοι·
251 1243 324 1288 ποτε,
345 1244 368 1278 ει
359 1220 475 1298 ἰιαιρόν
490 1222 639 1298 λύβοιεν,”
619 1247 732 1301 οισμενοι
744 1236 798 1299 τοῖς

53 1310 231 1384 ιαρακαλούσι
245 1307 351 1382 πρός
321 1328 369 1375 την
395 1306 560 1364 &ntSeacv‘
548 1309 713 1378 υπὴιιουσαν
740 1313 798 1371 όόέ

53 1377 533 1467 τῆςσυνοιμοσύαςαιλτι’ύντσιόσιλ’ς
514 1414 548 1464 ην
574 1394 707 1467 λογισμός.
736 1400 798 1464 τούς

53 1479 89 1534 ιὲν
114 1474 244 1552 ἡγεμόνας
267 1479 313 1545 τῆς
337 1477 517 1551 ἐπιχειρήσεως
543 1475 603 1544 έύει,
630 1481 797 1548 φυλαξαντας

53 1562 125 1618 Ιύιιτα
139 1558 274 1635 ασέληνον,
301 1581 349 1625 τας
361 1581 444 1632 ακρας
463 1561 509 1615 ιιαλ
521 1561 584 1625 σούς
608 1565 737 1636 ἐρυμνοὺς
750 1569 796 1623 τό.

52 1666 109 1711 τους
121 1648 166 1715 τῆς
179 1647 277 1710 πόλεως
295 1646 514 1716 καταλαβέσθαι·
533 1644 595 1708 τούς
616 1645 644 1702 ύέ
662 1651 794 1723 θεραπον·

55 1753 96 1799 ας,
112 1725 178 1786 ὅταν
192 1732 346 1787 αἴσθωνται
364 1730 527 1804 κρατοῦντας
543 1730 658 1797 ἐκείνους
677 1735 728 1789 τῶν
741 1739 795 1791 ἑπι-

52 1815 138 1891 αύρων
148 1817 269 1889 χωρίων·
283 1808 427 1887 ολλαλαγμῷ
441 1814 470 1869 ύέ
486 1815 566 1870 τούτο
580 1812 682 1887 ἔμελλεν
704 1814 796 1886 αύισῖς

52 1901 202 1969 ἐνὴσεαθαι
231 1899 362 1971 φανερόν·
392 1894 546 1955 ύποκτεῖναι
578 1898 640 1964 τούς
667 1902 796 1968 δεσπότας

55 1983 231 2047 αθεύιλοντας.
257 1985 342 2037 ταῦτα
356 1981 592 2058 όιαπραξαμένους,
613 1985 661 2048 τοὶς
674 1981 696 2041 τ’
709 1985 795 2050 οἰκίας

55 2069 188 2143 ιαρπολσαι
202 2069 252 2121 τῶν
265 2063 398 2141 εύπόρων,
412 2065 458 2121 καὶ
471 2069 518 2131 τοὶς
531 2064 616 2128 πύλας
629 2072 683 2136 τοῖς
697 2073 793 2148 τυριέν-

53 2174 93 2216 σις
107 2149 218 2213 ιλνσῖξαι.

101 2232 176 2294 LlV.
190 2241 231 2290 Ἥ
240 2228 267 2289 θ’
282 2237 309 2288 ἐν
323 2233 402 2289 παντὶ
410 2238 493 2306 καιρῷ
509 2231 630 2298 σώζουσα
643 2235 691 2301 τήν
703 2240 789 2302 πόλιν,

53 2319 83 2377 αλ
95 2321 171 2396 μέχρι
184 2321 235 2373 τῶν
249 2312 305 2373 κατ’
320 2318 363 2391 ἐμέ
380 2320 481 2391 χρόνων
507 2319 701 2391 παραμένουσα
725 2323 790 2376 θεύα

51 2407 161 2482 ιρόνοια,
177 2402 334 2475 όιειιόλυψεν
347 2396 434 2458 αύτῶν
448 2403 480 2458 τοὶ
499 2400 679 2475 βουλεύματα,
701 2405 790 2477 μηνύ-

51 2511 99 2554 εως
112 2491 218 2564 θατέρῳ
231 2488 283 2543 τῶν
303 2484 408 2542 ύποὶτων
429 2486 567 2560 γενομένης
581 2489 741 2564 Σουλπικλιρ,
757 2485 789 2556 ἣν

51 2573 165 2646 ποίησαν
193 2570 304 2646 ύόελφολ
329 2568 379 2628 ύύα
408 2570 570 2646 Ταρκύνιοι,
599 2574 721 2639 Πόπλιος
743 2575 788 2631 ιιιιλ
