1890 2970
104 123 156 207 ωο
224 141 386 233 ρεστιτυιτ
402 140 747 195 πιττοιααιεετυειε

109 249 249 317 Ὀδυσσέως
258 235 311 308 καί
324 250 427 328 Κίρκης
438 249 514 314 υίοίις
525 251 656 323 γενέσθαι
668 253 744 325 τρεῖς,
755 245 868 323 Ῥῶμον,

101 334 212 407 Ἀντίαν,
239 328 352 413 Ἀ’ρόέαν.
380 334 534 400 οἰκίσαντας
561 335 589 390 δέ
602 337 671 408 τρεῖς
690 337 793 401 πόλεις,
820 330 868 408 εἶφ’

104 425 205 482 ἑαυτῶν
216 424 324 479 θέσθαι
337 424 392 489 τοῖς
411 422 537 493 κτίσμασι
555 422 603 486 τοὶς
614 415 770 492 ὀνομασίας.
799 427 870 477 Διο-

105 508 197 573 νίισιος
210 507 239 563 δέ
253 507 269 563 ὅ
282 506 430 572 Χαλκιόεός
444 504 566 577 οίκιστὴν
589 505 638 580 μέν
663 502 809 578 ἀποφαίνει
824 509 869 576 τῆς

104 595 203 658 πόλεως
215 587 329 664 Ῥῶμον·
344 593 441 648 τοῦτον
455 591 482 647 όέ
496 593 562 666 λέγει
577 591 646 645 κατὰ
665 592 713 661 μέν
727 611 802 656 τινας
815 587 867 647 'Aa-

105 680 210 748 κανίου,
224 681 293 734 κατὰ
307 676 336 734 δέ
348 699 422 742 τινος
431 672 604 752 Ἠμαθίωνος
619 675 705 730 παῖδα
719 670 796 732 εἶναι.
819 673 869 732 εἶσί

106 764 133 821 όέ
146 783 212 828 τινες
226 759 254 817 οί
266 761 427 836 τήυῬώμην
445 762 572 818 ἐκτίσθαι
591 760 714 833 λέγουσιν
734 759 787 817 ὕπό
804 757 867 816 Ῥώ-

103 868 159 920 μου
171 849 220 903 τοῦ
232 843 345 914 Ἰταλοῦ,
359 851 457 922 μητρός
471 847 498 902 όὲ
510 841 665 920 Ἠλέκτρας,
686 847 732 913 τῆς
746 848 869 902 Λατίνου

104 933 250 1007 θυγατρός.

155 1008 297 1074 LXXIII.
319 1012 403 1086 Ἕχων
419 1017 448 1070 όέ
460 1015 575 1082 πολλοὺς
585 1012 630 1069 καί
638 1010 734 1081 ἄλλους
747 1015 799 1070 τῶν
810 1011 868 1070 Ἐλ-

104 1102 583 1205 ληνικῶνπαρέγεσθαιουγγραφίων,
599 1098 627 1154 οἳ
640 1098 788 1204 διαφόρους
797 1097 869 1155 ἄπο-

9 1188 12 1193 ’
105 1189 237 1261 φαίνουσι
251 1187 314 1250 τούς
327 1182 447 1250 οίκιστιίς
461 1189 506 1255 τῆς
520 1184 660 1251 πόλεως,“
649 1205 693 1240 ινα
711 1205 749 1254 μη
741 1184 869 1258 δόξαιμι

105 1274 292 1350 μακρηγορεῖν,
306 1271 351 1327 έπί
364 1271 427 1332 τούς
436 1265 572 1371 Ῥιρμοιίων
586 1268 727 1372 ἐλεύσομαι
746 1291 869 1344 συγγρα·

105 1361 170 1429 φείς.
197 1358 315 1422 παλαιός
327 1356 376 1428 μέν
390 1375 438 1410 ουν
455 1350 517 1409 οίίτε
531 1355 702 1460 συγγραφεὺς
717 1350 779 1410 οὔτε
791 1359 869 1456 λργο·

105 1442 210 1514 γρόφος
222 1439 279 1496 έστὶ
288 1436 426 1510 Ῥωμαίων
444 1436 542 1494 ου’δέ’
521 1459 570 1504 εις·
591 1443 620 1494 ἐκ
641 1441 761 1494 παλαιῶν
780 1440 869 1510 μέντοι

105 1526 190 1599 λόγων
204 1523 256 1581 ἐν’
246 1528 316 1599 ιεραῖ
316 1547 328 1590 ς
343 1524 441 1589 όέλτοις
456 1525 616 1596 σωζομένων,
637 1523 747 1588 ἕκαστός
760 1546 798 1589 τις
813 1542 868 1579 τια-

105 1609 230 1685 ραλαβών
257 1606 402 1685 ἀνέγραψε.
428 1609 530 1665 τοίτων
557 1609 585 1665 όέ
609 1628 675 1673 τινες
697 1607 868 1679 μένΑἶνιίαυ

105 1697 234 1769 γενέσθαι
244 1693 321 1757 υίοίις
334 1696 441 1769 λέγουσι
451 1690 588 1766 Ῥωμίλον
602 1693 648 1749 καί
663 1690 784 1766 Ῥῶμον,
807 1696 868 1758 τούς

107 1778 223 1843 οίκιστιίς
238 1775 410 1849 τῆςῬαίμης·
437 1775 521 1852 ἕτεροι
547 1778 574 1834 όέ
601 1781 740 1852 θυγατρός
758 1775 868 1835 Αἰνείου

106 1863 218 1928 παῖδας·
231 1859 297 1918 ὅτου
310 1863 339 1931 Ιόὲ
353 1865 461 1937 πατρός,
483 1859 572 1919 οὐκέτι
587 1862 760 1940 διορίζοντες·
775 1863 867 1934 ‹5095-

105 1941 188 2003 ναιό
213 1943 312 2013 αὖτοὺς
326 1943 370 2003 ὑπ’
385 1946 494 2004 Αἰνείου
507 1950 616 2021 Λατίνῳ
641 1947 679 2022 τῷ
696 1949 804 2019 βασιλεῖ
818 1952 867 2005 τῶν

102 2028 272 2138 ἶλθοριγίνων
286 2031 492 2136 ὁμηριίισοντας,
514 2031 557 2089 ὅτε
571 2031 603 2089 αἱ
615 2033 715 2096 πίστεις
740 2037 796 2098 τοῖς
808 2038 867 2090 έπι-

102 2119 209 2191 χωρίοις
223 2116 289 2191 πρός
304 2120 366 2182 τοὺς
379 2119 539 2188 έπήλυόας’
526 2120 658 2192 εγένοντο.
681 2115 867 2191 ἀσπαζόμενον

106 2203 134 2258 δέ
148 2197 248 2267 αὐτοὺς
266 2204 435 2259 Λατῖνον
402 2225 433 2278 τη
454 2225 481 2259 τε
494 2199 560 2276 ίίλλη
579 2203 714 2277 θεραπείᾳ
733 2204 867 2279 περιέπειν

105 2277 143 2354 είι,
159 2289 272 2360 ἐκγόνου
285 2308 310 2342 τε
325 2284 436 2365 ίίρρενος
453 2283 559 2346 ἄπαιδα
582 2289 748 2355 τελευτῶντα,
768 2288 867 2344 όιαόό-

103 2391 167 2441 γους
178 2374 276 2447 μέρους
290 2376 406 2439 τινός
374 2395 420 2443 της
434 2369 564 2428 ἑαυτου’
546 2373 629 2446 αρχῆς
639 2376 804 2429 καταλιπεῖν
819 2370 865 2438 αλλ-

103 2459 146 2511 λοι
161 2456 189 2512 όέ
210 2457 335 2533 λέγουσιν
353 2455 463 2513 Αἰνείου
482 2458 700 2526 τελευτήσαντος,
726 2452 864 2515 Λακίνιον

102 2537 214 2595 ἅπασαν
228 2541 275 2610 τόν
288 2539 373 2618 ολργήν
393 2542 604 2618 παραλαβόντα,
632 2542 782 2618 νείμασθαι
796 2545 862 2619 πρός

79 2621 147 2683 ἰθύν
156 2619 300 2698 ἄὸελφσιίς
314 2620 453 2707 Ῥωμίλον
468 2629 557 2690 τεκαὶ
571 2625 697 2708 Ῥῶμον,
718 2628 765 2696 τὴν
778 2647 809 2683 τε
821 2626 877 2695 χία-
