1890 2970
143 101 417 168 ANTIQvlTATVM
436 100 571 152 αοακα.
589 102 651 152 τεο.
668 105 699 152 τ,
762 105 810 162 141

57 211 103 276 τῆς
113 209 217 272 ἑαυτοῦ,
232 206 351 277 μηνυτης
364 191 399 261 ὧν
411 199 432 259 τ’
451 199 548 270 ἤκουσε
562 205 608 262 καὶ
620 195 656 261 ῶν
668 201 720 262 είδε
738 229 811 282 γινε-

57 313 109 348 ται.
136 286 192 347 ὅδ’
213 288 246 354 ῶς
272 288 382 362 έμαθεν,
398 284 525 359 οὗδεμίαν
543 286 678 363 ἀναβολὴν
695 294 812 361 ποιησό-

58 397 144 447 μενος,
159 373 203 430 έπὶ
216 375 263 443 τὴν
276 371 364 429 οἰκίαν
377 374 428 427 τῶν
439 368 576 443 Ἀκυηίίων
590 373 640 430 σδν
651 372 718 448 χειρὶ
728 373 812 449 πολίῇ

58 461 177 516 πελατῶν
190 478 216 512 τε
229 455 275 512 καὶ
288 458 373 527 φίλων
387 456 561 532 παραγίνεται
573 456 635 534 περὶ
646 456 812 534 τόνίίρθρον.

58 543 106 599 καὶ
126 542 267 616 παρελθὼν
285 543 346 597 εἴσω
364 542 415 596 τῶν
433 541 527 616 θυρῶν
546 539 579 604 ῶς
593 537 633 598 ἐπ’
653 537 735 612 ἀλλην
752 545 814 598 τινοί

55 627 150 700 χρείαν
162 623 262 700 παρὼν,
281 622 428 691 ἀκωλύτως,
447 619 504 680 κατ’
519 619 594 682 οἶκον
607 623 644 681 έτι
659 627 710 682 τῶν
722 648 813 700 μειρα-

59 714 125 767 κίων
134 705 224 776 όντων,
238 710 365 784 ἐγκρατὴς
371 708 472 782 γίνεται
483 710 690 775 τῶνίπιστολῶν,
700 709 813 774 καὶτοὺς

58 794 215 859 νεανίσκους
227 790 365 866 συλλαβῶν
379 793 541 862 καθίστησιν
554 793 597 848 ἐπί
609 793 673 859 τοίις
685 791 811 859 ὑπάτους.

125 874 200 932 Vlll.
217 878 258 932 Τά
272 877 299 932 δέ
312 877 378 947 μετά
392 875 731 952 ταδταέργαθατέρουτῶν
745 876 813 934 ὑπαί·

61 983 112 1018 των
139 960 264 1034 Βρούτου
278 962 380 1035 μεγάλα
406 959 451 1015 καὶ
464 961 614 1017 θαυμαστοί
640 962 722 1033 λέγειν
740 960 812 1030 ἔχων,

60 1043 103 1115 ἐφ’
112 1037 151 1108 οἷς
162 1046 274 1119 μέγιστα
282 1039 550 1120 φρονοῦσιῬωμαῖοι,
567 1043 716 1117 δίδοικαμό
730 1050 813 1117 σκλη-

63 1133 98 1204 ρά
112 1128 156 1184 καί
168 1124 270 1186 ἀπιοτα
283 1132 338 1192 τοῖς
352 1123 552 1196 ἀίλοιςἜίλησι
561 1127 626 1189 δόξω
636 1129 731 1202 λέγειν’
744 1133 813 1186 ἐπει-

63 1214 97 1282 δη
113 1211 262 1285 πεφύκασιν
274 1209 391 1274 ἀπαντες
403 1207 458 1264 ἀπό
472 1213 524 1267 τῶν
536 1207 638 1267 οίκείων
651 1214 683 1266 τά
691 1211 750 1289 περί
763 1216 813 1270 τῶν

63 1293 147 1353 ἀλλων
160 1299 287 1368 λεγόμενα
301 1295 405 1368 κρίνειν,
420 1292 464 1348 καί
477 1295 610 1352 τόπιστόν
622 1293 639 1362 ἢ
650 1291 812 1370 ἀπιστονίφ’
867 1366 868 1370 ¹

62 1385 169 1443 ἑαυτοῖς
182 1385 280 1436 ποιεῖν·
307 1380 357 1452 ίρῶ
372 1372 399 1432 δ’
415 1366 465 1433 οὖν
478 1372 555 1447 ὅμως.
574 1379 664 1448 ἐπειδὴ
683 1382 734 1455 γάρ
753 1377 815 1456 ἡμέ·

62 1487 97 1539 ρα
111 1464 221 1533 τάχιοτα
239 1466 347 1537 ἐγένετο,
366 1462 484 1524 καθίσας
497 1461 540 1518 έπί
554 1466 584 1519 τό
603 1465 685 1537 βῆμα,
704 1464 749 1519 καί
769 1468 815 1531 τοὶς

62 1549 204 1610 ἐπιστολάς
213 1549 264 1603 τῶν
280 1551 306 1602 ἐν
320 1545 352 1619 τῇ
365 1547 518 1620 συνωμοσία
537 1546 766 1619 διασκεπτόμενος,
782 1549 815 1614 ῶς

63 1620 124 1706 εὗρε
137 1634 182 1696 τάς
197 1629 248 1686 ὕπὸ
267 1632 318 1685 τῶν
339 1627 403 1684 υἱῶν
415 1629 573 1703 γραφείσας,
592 1633 651 1694 ταῖς
670 1633 812 1705 σφραγίσιν

63 1718 189 1788 ἑκατέραν
199 1716 343 1788 γνωρίσας,
363 1714 429 1784 μετὰ
442 1715 471 1768 τό
484 1716 565 1770 λῦσαι
584 1715 618 1770 τά
631 1718 727 1785 σημεῖα
746 1719 814 1786 [τοῖς

60 1801 277 1874 χειρογραφοις,]
312 1795 522 1868 ἀναγνωσθῆναι
553 1800 657 1872 πρῶτον
682 1800 814 1856 ἐκέλευσεν

64 1881 216 1959 ἀμφοτέρας
230 1881 282 1938 ὑπό
297 1883 345 1936 τοῦ
369 1884 549 1954 γραμματέως,
570 1879 606 1946 εἷς
622 1885 670 1952 την
690 1881 814 1940 ἀπάντων

63 1969 115 2023 τῶν
129 1969 268 2042 παρόντων
281 1963 380 2033 ἀκοὴν·
405 1962 493 2020 ἔπειτα
519 1967 601 2039 λέγειν
624 1969 740 2023 ἐκέλευσε
759 1971 815 2032 τοῖς

63 2050 159 2106 παισὶν
185 2053 211 2105 εί
220 2070 246 2102 τι
270 2049 424 2122 βούλονται.
448 2046 481 2112 ἀς
501 2043 530 2103 δ’
545 2045 593 2104 οάκ
607 2051 747 2122 ἐτόλμησεν
762 2047 814 2105 αὕ-

65 2137 117 2191 τῶν
132 2129 267 2205 οὐδέτερος
279 2136 345 2206 πρὸς
357 2127 468 2206 ἀρνησιν
484 2130 580 2200 ἀναιδῆ
594 2136 748 2206 τραπέσθαι
761 2136 813 2189 πό-

67 2220 110 2274 ίαι
124 2217 331 2289 κατεψηφικότες
359 2215 466 2281 ἑαυτῶν,
495 2212 635 2272 ίκίαιονδ
655 2213 810 2290 ἀμφότεροι.

68 2298 158 2375 ὀλίγον
169 2297 280 2366 ἐπισχὼν
290 2301 389 2372 χρόνον
408 2295 560 2365 ἀνίσταται,
578 2298 624 2353 καὶ
636 2301 737 2369 σιωπὴν
751 2321 816 2373 προ·

67 2383 184 2457 κηρύξας,
210 2382 383 2455 ἐκδεχομένων
395 2379 519 2439 ἀπόντων
543 2386 569 2439 τί
580 2383 610 2437 τό
624 2386 694 2449 τέλος
712 2382 814 2463 έξοίοει,

66 2469 191 2524 θάνατον
203 2467 253 2539 έφη
268 2465 451 2531 καταδικάζειν
464 2470 515 2522 τῶν
528 2468 635 2523 τέκνων·
662 2462 703 2541 ἐφ’
715 2463 735 2542 ᾧ
749 2469 815 2524 ποίν·

67 2570 107 2616 τις
121 2549 276 2626 ἀνέκραγον,
291 2545 340 2606 οὐκ
354 2547 611 2617 ἀξιοῦντεςτοιοῶτον
625 2546 714 2629 ἀνδρα
725 2555 826 2624 {wm-
