1890 2970
37 224 49 279 ί
83 229 161 308 οὗτος
174 241 295 317 ἱστορίας
307 237 376 308 ἄξια,
386 243 431 298 καί
445 244 491 311 τήν
502 237 659 317 Ῥώμηνοιίιι
667 241 835 320 όλίγῳκρείι.

277 29 288 55 Y

171 129 446 194 ANTIQVITATVM
463 132 598 186 ROMAN.
616 137 678 188 Llss.
689 139 734 188 111.
785 141 834 196 327

37 330 42 357 ·'
81 349 149 384 τονα
161 327 301 402 παραδοὺς
313 330 368 390 τοῖς
382 329 575 402 ἐπιγινομένοις
589 326 604 395 ή
625 324 706 392 αὐτὸς
724 332 836 404 παρίλα·

81 416 137 486 βεν,
152 410 196 468 ἐπί
208 415 318 485 τέτταρα
332 414 398 485 πρός
412 415 469 475 τοῖς
488 413 587 467 είκοσιν
608 411 651 480 ἔτη
679 413 726 480 τήν
752 416 835 486 βασι-

83 499 157 554 λείαν
168 495 313 565 κατασχὼν,
329 493 508 564 ἀποθνήσκει,
524 496 572 551 όὺο
587 497 739 552 καταλιπὼν
755 497 835 564 ὖτούς,

82 583 130 636 τόν
142 582 199 654 μὲν,
213 580 249 636 ἴτε
263 579 349 637 παλόα
362 582 395 655 τῇ
407 576 511 656 ήλικίιμ·
536 583 586 636 τὸν
607 580 635 635 δὲ
647 581 835 655 πρεσβύτερον,

82 664 178 738 σίρτίως
190 667 336 738 γενειῶντα.

161 816 257 864 Lucius
271 814 432 882 Tarquinius
442 815 624 863 Romanorum
637 815 720 865 REX
739 817 770 864 V.

146 915 249 973 XLVI.
277 919 357 974 Μετά
373 915 400 971 δὲ
413 918 460 972 τόν
474 911 572 990 Ἄγκου
591 919 722 991 Μαρκίου
750 920 838 974 θείνα-

83 1024 139 1069 τον,
166 998 181 1069 ή
201 1002 286 1075 βουλή
300 1003 389 1067 πάλιν,
403 1004 594 1075 ἐπιτρέψαντος
607 999 675 1076 αὐτῇ
689 1003 738 1057 τοῦ
752 1003 839 1074 όήμσυ

83 1087 227 1152 πολιτείαν,
244 1082 277 1153 ἣν
289 1087 424 1159 ε’βοόλετο,
438 1086 672 1153 καταστήσασθαι,
697 1088 784 1159 μένειν
795 1088 838 1153 ἐπί

86 1175 133 1240 τῆς
147 1166 230 1239 αὐτῆς
241 1170 314 1244 ἔγνω,
337 1169 383 1225 καί
403 1168 576 1225 άποόείκνοσι
589 1174 780 1243 μεσοβασιλεῖς.
812 1171 838 1227 οἱ

86 1255 115 1311 δὲ
130 1259 326 1329 συναγαγόντες
340 1253 375 1318 είς
389 1251 714 1327 άρχατρεσίαςιόπλήθος,
729 1254 835 1329 αἱροῦν-

84 1361 129 1394 ται
142 1340 254 1412 βασιλέα
268 1340 384 1394 Λεύκιον
407 1339 566 1410 Ταρκύνιον.
590 1341 794 1412 βεβαιωσάντων
809 1340 836 1395 δὲ

83 1423 131 1479 καί
145 1425 194 1476 τῶν
208 1425 281 1495 παρά
295 1427 343 1479 τοῦ
359 1423 501 1494 δαιμονίου
521 1424 634 1493 σημείων
654 1426 688 1479 τά
708 1427 835 1499 κριθέντα

84 1507 140 1563 ὕπὸ
160 1510 207 1561 τοῦ
232 1509 366 1576 πλήθους,
393 1510 598 1582 παραλαμβάνει
624 1509 671 1575 τήν
695 1509 834 1579 βασιλείαν

83 1591 198 1662 ἐνιαυτῷ
211 1590 320 1665 δευτέρῳ
331 1594 445 1663 μάλιστιι
460 1595 504 1660 τής
526 1594 587 1664 μιᾶς
615 1591 659 1646 καί
679 1613 834 1664 τετταρακο-

84 1671 363 1747 στήςόλυμπιάόοςό
386 1674 547 1776 Ίαρκίτιιος,
571 1670 603 1743 ήν
629 1676 702 1730 ἐνίκα
725 1676 835 1730 στάδιον

85 1759 236 1824 Κλεωνίόας
249 1759 264 1814 ὅ
279 1756 439 1832 Θηβαίος,”
422 1780 548 1833 αρχοντσς
560 1755 703 1834 Ἀθήνησιν
714 1754 834 1830 Ἠνιοχί-

84 1846 144 1901 ὂου.
169 1839 335 1917 γονέωνεί
320 1845 419 1898 οπσίων
440 1864 516 1897 τινων
543 1864 621 1906 ουτος
646 1845 661 1899 ὁ
690 1843 835 1918 Ταρκύνιος

83 1919 125 1994 ήν,
141 1949 185 1982 και
177 1928 326 2000 πατρίόσς
340 1915 392 1991 ἐξ
378 1950 407 1996 ης
420 1927 479 1999 ἔφυ,
500 1950 543 1983 και
535 1927 603 1984 διά
617 1925 730 1993 τίνας’
702 1931 788 1993 αιτίας
801 1925 834 1992 εἷς

81 2010 184 2081 Ῥώμην
196 2010 317 2081 άφίκετο,
331 2034 376 2066 και
368 2009 460 2067 δι’(
437 2013 500 2068 σι’ων
513 2011 761 2086 ε’πιτηόεειμάιων’
739 2035 774 2076 εις
787 2014 834 2081 τήν

83 2097 225 2195 βασιλείαν
238 2096 416 2169 παρῆλθεν,
401 2119 433 2160 ως
447 2100 473 2150 ἐν
488 2101 543 2157 ταῖς
556 2099 706 2171 ἐπιχωρίαις
718 2101 835 2172 γραφαῖς

83 2201 173 2255 ευρον,
188 2183 245 2252 ε’ρῶ.
261 2180 412 2251 Κορίνθιός
425 2201 462 2241 τις
476 2203 510 2235 αι
513 2203 552 2255 ηρ
565 2180 650 2251 ὄνομα
665 2183 834 2252 Δημάρατος,

80 2268 157 2320 iu
126 2287 172 2334 της
182 2263 346 2333 Βακχιαδῶν
355 2267 517 2365 συγγενείας,
540 2264 738 2334 ἐμπορεὺεσθαι
751 2285 833 2365 πρρε-

82 2347 328 2416 λόμενσςέιτλετισεν
349 2345 384 2410 είς
407 2343 532 2410 Ἰταλίαν,
560 2347 660 2401 ὁλκάδα
686 2367 713 2399 τε
736 2344 835 2401 οίκείαν

81 2428 155 2505 άγων
169 2432 214 2485 καί
227 2435 329 2505 φόρτον
342 2431 420 2485 ἴδιον.
445 2432 621 2500 ἐξεμπολήσας
635 2430 662 2485 όὲ
675 2431 721 2485 τὸν
733 2433 835 2504 φόρτον

82 2520 111 2571 ἐν
124 2520 183 2579 ταῖς
196 2518 246 2571 τῶν
264 2516 408 2589 Ίυρῤηνῶν
421 2517 536 2579 πόλεσιν,
551 2509 772 2586 εὖόαιμονοίισαις
784 2516 834 2586 μά·

82 2603 158 2656 λιστα
172 2602 222 2654 τῶν
236 2604 263 2653 ἐν
272 2595 372 2672 Ἰταλίη
385 2600 450 2664 τότε,
467 2599 511 2654 καί
524 2601 623 2673 μεγάλα
635 2599 712 2673 κε’ρόη
727 2602 832 2673 περιβα-
