1890 2970
192 125 470 196 ANTIQVITATVM
485 128 619 182 ROMAN.
639 131 693 183 LlB
705 134 738 184 11.
805 142 857 209 221

89 233 203 297 οῖπαντα
216 237 265 311 μὲν
281 223 331 293 οἰιν
345 231 398 292 ὅσα
409 231 548 292 ιλνοῖκειται
562 236 669 303 τούτοις
681 241 737 304 τοῖς
750 236 855 317 ιίρηνο-

90 325 180 391 δίκαις
206 324 333 380 ἐπελθεῖν
351 319 397 376 διαί
419 322 450 376 τό
463 323 572 393 πλῆθος
586 316 619 377 αὖ
632 316 737 397 ῥηίδιον,
763 346 852 399 κεφα-

90 409 200 469 λαιώδει
214 403 237 465 δ’
252 405 403 508 ὑπογραφῇ
415 404 535 475 δηλῶσαι
549 403 640 463 τοιοίδε
654 409 720 463 ἐστί·
748 411 851 481 φυλότ·

89 517 144 552 τειν
157 494 203 553 ἵνα
214 486 337 568 μηδένα
332 493 456 565 Ρωμαῖοι
466 493 583 566 πόλεμον
609 492 761 566 ἐξενέγκωσι
784 497 852 551 κατοῖ

89 581 153 654 μιᾶς
166 577 317 637 ίνσπόνδαυ
329 578 426 639 πόλεως
440 571 544 632 ἄδικον.
572 573 709 651 ἀρξόντων
723 576 751 634 δι’
764 599 852 662 παρα·

89 659 253 723 σπονδιῖν’
230 683 266 728 τις
279 657 379 727 αιἰτοτλς
390 661 492 736 ἑτέρων,
502 661 704 738 πρεσβεῦτσθαί
715 683 743 719 τε
757 663 804 719 καί
818 669 852 721 τολ

90 745 227 809 δίκαια’
198 750 282 805 αιτεῖν
301 747 407 824 πρῶτον
433 746 515 821 λόγῳ·
542 748 589 803 ίοίν
607 746 636 804 δι’
647 768 686 821 μη
677 747 851 808 πείθωνται

89 839 150 901 τοῖς
175 831 356 908 ἀξιουμένοις,
388 825 442 886 τότ’
474 833 621 907 ἐπικυροῦν
653 832 700 887 τόν
725 833 851 909 πόλεμον.

88 920 193 995 ὅμοίως
206 919 234 975 δι’
247 912 297 994 κᾷν
310 914 470 973 οἰδιιιεῖσθαί
485 937 551 980 τινες
572 915 626 988 ζιπό
649 911 786 991 Ῥωμαίων
805 918 850 977 ἰν-

87 1004 208 1064 σπονδοι
221 1004 339 1078 λίγονιες
352 1002 385 1056 ταλ
400 1000 494 1057 δίκαια
509 998 610 1070 αἰτῶσι,
637 1001 750 1071 τούτους
763 1003 849 1082 διαγι·

88 1089 199 1148 νιίισιιειν
211 1089 272 1153 τοὺς
286 1083 386 1164 ἄνδρας
406 1088 432 1141 εἰ
446 1106 474 1142 τι
494 1089 667 1144 πεπόνθασιν
690 1086 851 1147 ἔκσπονδον·

88 1176 136 1233 καί
149 1177 196 1232 ἐόν
210 1173 305 1238 δόξωσι
319 1175 353 1228 τολ
362 1171 536 1244 προσήκοντα
549 1176 678 1248 ἐγκαλεῖν,
703 1174 764 1239 τοὺς
789 1177 841 1231 ἐνό-

85 1280 155 1332 χους
167 1262 226 1325 ταῖς
239 1254 338 1322 αἰτίαις
351 1256 535 1328 συλλαβόντας
548 1256 673 1322 ἐκδότους
685 1260 740 1322 τοῖς
754 1255 850 1329 οἰδιιιη-

90 1349 169 1402 θεῖσι
183 1341 378 1421 παραδιδόναι·
414 1343 448 1396 ταῖ
468 1340 496 1398 δι’
519 1341 581 1416 περί
605 1344 669 1409 τούς
688 1344 851 1417 πρεσβευταῖς

89 1428 245 1501 ἀδικήματα
259 1427 382 1494 δικάζειν,
392 1423 438 1480 καί
452 1428 485 1480 τιί
500 1426 560 1503 περί
573 1429 619 1492 ταῖς
631 1429 770 1498 συνθήκας
788 1424 851 1486 ὅσια

89 1515 255 1586 φνλιλττειν·
282 1509 388 1586 εἰρήνην
400 1532 427 1566 τε
442 1515 593 1580 ποιεῖσθαι,
608 1513 654 1569 καί
666 1515 850 1587 γεγενημένην,

89 1602 138 1656 ἐὰν
151 1599 188 1670 μή
204 1599 273 1655 κατολ
292 1597 355 1662 τοὺς
380 1595 467 1672 ἰεραύς
493 1596 555 1671 δόξη
569 1599 727 1675 πεπριῖγόαι
744 1600 850 1670 νόμους,

91 1680 228 1760 αἰκυροῖιν·
255 1680 300 1738 καλ
326 1684 372 1744 τιὶς
405 1681 456 1736 τῶν
485 1682 641 1756 στρατηγῶν
673 1684 851 1757 παρανομίας,

90 1765 155 1825 ὅσοι
169 1767 230 1842 περί
243 1787 269 1822 τε
284 1762 382 1841 ὅρκους
395 1786 439 1821 και
430 1765 573 1830 σπονδαῖς
586 1769 776 1835 ἐπιτελοῦνται,
793 1768 851 1824 δια-

88 1855 270 1930 γινώσκοντας
297 1848 501 1923 αἰφοσιοῖιαθαι
533 1850 593 1927 περὶ
626 1837 662 1908 ὧν
695 1854 763 1909 κατοί
788 1854 850 1918 τοιλς

89 1937 209 2003 οἰκείους
222 1935 333 2012 καιροὺς
346 1936 494 2005 ποιήσομαι
508 1938 556 1992 τόν
568 1939 657 2013 λόγον.
696 1939 730 1993 τοὶ
750 1939 779 1995 δὲ
791 1939 850 2014 περὶ

90 2044 138 2088 τας
149 2019 362 2095 ἐπικηρυκείας
349 2014 393 2076 υπ’
406 2015 495 2076 αἰτῶν
514 2024 655 2095 γινόμενα,
683 2019 749 2079 ὅταν
769 2024 850 2088 δόξα-

89 2129 142 2166 σαν
156 2104 261 2163 οἰδικεῖν
275 2108 355 2161 πόλιν
370 2101 471 2161 αἰτοῖεν
485 2105 574 2172 δίκας·
601 2102 676 2171 ἄξιον
702 2111 755 2184 γιὶρ
781 2109 849 2182 μηδὲ

89 2188 165 2250 ταῦτ’
185 2190 303 2266 αἰγνοεῖν,
320 2191 388 2247 κατὰ
407 2191 507 2260 πολλήν
529 2192 665 2268 φροντίδα
691 2195 743 2249 τῶν
769 2193 850 2248 δαίων

90 2276 135 2334 καί
151 2276 261 2333 δικαίων
273 2276 414 2349 γινόμενα·
436 2277 550 2331 τοιαῦτα
562 2279 727 2352 παρέλαβον
752 2270 790 2341 τίς
800 2277 850 2349 μέν

87 2367 166 2420 δι’
134 2384 185 2420 των
198 2354 413 2438 εἰρηνοδικῶνῇ
398 2381 430 2416 ον
456 2358 483 2417 οἰ
508 2361 599 2417 λοιποί
624 2363 849 2436 προχειρίσαιντο,

87 2448 285 2550 κεκοσμημένος
310 2447 407 2514 ίαθήτι
430 2444 476 2500 καὶ
502 2446 658 2548 φορήμασιν
682 2443 776 2522 ἰτροῖς,
803 2443 848 2502 ἵνα

89 2518 245 2606 διάδηλοςή
259 2532 333 2607 παρὰ
349 2529 412 2594 τούς
423 2525 528 2600 ἄλλους,
549 2528 586 2599 εἰς
599 2531 648 2604 τήν
661 2532 713 2593 τῶν
728 2527 859 2595 ιλδικουν-

81 2635 136 2670 ταν
147 2614 302 2689 ταμφινετα
315 2617 410 2672 πόλιν
434 2620 551 2692 ίπισιοῖς
570 2620 670 2697 δίτσῖς
692 2623 796 2710 ὁρίοις,
822 2622 874 2684 τό*
