1890 2970
189 102 465 172 επττρυττεττεε
480 101 615 156 nom.
634 104 697 155 Lm.
718 104 748 157 v.
794 111 843 166 τις

93 209 241 312 Ταρκύνιος
252 211 301 282 μίν
315 209 347 279 δη
354 210 519 274 Κολλατινος
531 207 644 283 τοιαύτη
657 209 724 285 τύχη
737 232 842 287 περιπε-

88 294 152 401 σρῖν,
166 292 202 358 εἷς
213 289 397 352 Λαουίνιον”
376 314 456 367 ῳχετο
469 293 520 362 τήν
540 295 704 366 μητρόπολιν
716 296 765 351 τού
778 302 842 351 Λα-

87 381 166 436 τίνων
178 380 278 452 γε’νους,
293 364 351 452 ἕνη
370 380 482 452 γηραιός
492 375 621 433 ἐτελεύτα.
648 399 663 433 ο
655 377 706 433 ’δὲ
719 381 842 453 Βροῦτος

88 461 139 521 ούκ
153 461 231 528 άξιῶν
241 457 359 535 μόνος”
339 484 442 536 αρχειν,
464 455 527 516 οὐδ’
549 459 584 527 είς
603 458 733 517 ύπόνοιαν
751 465 842 524 ἐλθεῖν

87 551 145 611 τοῖς
159 544 333 615 πολίταις,
317 568 359 604 οτι
382 547 528 648 μοναρχίας
547 543 679 613 ὑπαχθείς
701 547 823 621 πόόῳ“
796 569 843 603 τον

88 631 312 690 συνύπατονλ
256 633 312 701 ε’ξὴλ
314 650 376 686 αοεν
391 633 468 686 ἐν’
437 652 483 699 της
504 627 644 705 πατρίδος,
670 631 782 694 καλέσας
796 632 843 687 τόν

88 715 175 820 δῆμον
189 710 308 779 εύόύς*
285 735 321 780 τις
332 716 362 769 τό
376 715 476 780 πεδίον,
492 711 562 770 ἔνθα
576 703 721 783 σύνηθες
704 734 737 782 ην
750 710 845 779 αύτοῖς

87 799 150 863 τούς
161 820 190 855 τε
201 799 318 872 βασιλεῖς
330 796 376 856 καῖ
395 800 442 864 τάς
465 792 583 862 ἄλλος’
564 799 646 872 αρχάς
665 800 842 866 καθιστάναι,

87 884 254 957 συνάρχοντα
273 881 388 958 αἱρεῖται
406 879 549 939 Πούπλιον
567 877 714 956 Ούαλίριον
746 886 841 954 [συνυ-

85 968 240 1039 πατεύειν],
256 964 400 1041 άπόγονον,
420 965 455 1031 ὥς
467 965 514 1022 καὶ
527 967 657 1040 πρότερον
674 960 766 1034 εἶπον,
793 970 840 1022 τοῖ

86 1053 214 1124 Σαβίνων
226 1053 333 1125 γε’νους,
349 1045 435 1124 όίνδρα
446 1049 492 1105 καλ
510 1052 614 1107 πολλῶν
625 1049 676 1122 μίν
686 1045 772 1106 άλλων
784 1055 840 1108 ε’πι·

85 1136 256 1208 τηδευμάτων
265 1137 343 1209 χάριν
355 1136 531 1190 ἐπαινεῖσθαί
544 1153 571 1189 τε
583 1132 630 1190 καλ
648 1137 842 1208 θαυμάζεσθαι

84 1216 168 1285 άξιον,
180 1220 299 1322 μάλιστα
310 1217 382 1273 δί’
351 1238 396 1286 της
410 1212 570 1292 αὐταρκείας
582 1239 630 1274 του
616 1220 717 1290 ”fliam
732 1224 842 1290 φιλοσο-

85 1306 136 1376 φία
150 1303 204 1377 γάρ
219 1323 257 1367 τις
277 1297 501 1366 αύτοδίδακτοςί
499 1305 589 1377 γε’νετο
611 1302 672 1377 περί
691 1298 825 1370 αύτόν,“
808 1326 840 1372 ην

85 1394 113 1444 ἐν
127 1388 222 1442 πολλ”
195 1406 234 1450 οις
253 1383 407 1451 ἀπεδείξατο
428 1386 596 1460 πράγμασιν,
619 1385 684 1463 ὑπὲρ
699 1409 735 1443 ων
750 1385 841 1460 ὀλίγον

84 1468 265 1545 ύοτερονέρῳ.

277 1621 364 1670 Res
410 1618 647 1669 urbanae.

147 1719 227 1781 XIII.
252 1726 333 1779 Μετά
346 1719 417 1780 τοῦτ’
431 1720 479 1794 ἤδη
492 1722 543 1797 μιρῖ
554 1723 645 1798 γνώμη
659 1725 718 1798 περὶ
732 1722 837 1781 πάντων

82 1808 227 1882 χρώμενοι,
249 1809 311 1871 τούς
328 1808 377 1881 μὲν
395 1806 439 1863 ἐπὶ
457 1808 490 1882 τῇ
508 1808 620 1882 καθόδῳ
639 1809 690 1864 τῶν
709 1808 838 1882 φυγάδων

86 1894 321 1964 συνομοσαμένους
340 1887 462 1956 ἅπαντας
485 1889 641 1949 άπίκτειναν
665 1897 835 1969 παραχρῆμα,

84 1975 129 2031 καλ
142 1977 188 2030 τόν
200 1975 358 2048 μηνίσαντα
375 1977 425 2044 τήν
438 1977 607 2047 συνωμοσίαν
621 1976 720 2033 δούλου
732 1981 837 2035 ἐλευθε-

82 2059 144 2134 ρίας
158 2059 240 2116 τεκαὶ
253 2061 388 2125 πολιτείας
399 2060 542 2132 μεταδόσει
555 2063 691 2132 ἐτίμησαν,
713 2061 759 2117 καλ
773 2064 838 2118 πολ·

82 2146 139 2206 λοῖς
148 2143 291 2217 χρήμασιν.
317 2143 405 2200 ἔπειτα
426 2147 488 2218 τρία
508 2143 690 2217 πολιτεύματα
711 2147 837 2201 κάλλιστα

83 2226 129 2283 καὶ
143 2226 340 2299 συμφορώτατα
359 2248 393 2302 τῳ
413 2227 493 2301 κοινρῖ
512 2230 750 2300 καταστησάμενοι,
776 2226 837 2292 τούς

82 2332 97 2367 τ
96 2306 146 2368 όν
159 2333 192 2384 τη
181 2310 255 2367 πόλ
258 2331 280 2366 ει
300 2313 400 2374 πάντας
417 2312 540 2384 ὁμονοεῖν
558 2311 769 2413 παρεσκεύασαν,
790 2311 837 2368 καί

82 2399 129 2459 τάς
142 2399 194 2452 τῶν
206 2396 335 2469 ἐχθρῶν
324 2396 439 2470 εταιρίας
451 2397 588 2470 ἐμείωσαν.
614 2418 647 2464 ην
667 2397 695 2452 δὲ
714 2416 748 2451 τα
741 2397 836 2452 πολι·

82 2478 201 2552 τεύματα
214 2481 265 2536 τοῖν
280 2477 384 2553 άνδρων
397 2480 494 2536 τοιάδε.
507 2482 611 2554 πρῶτον
623 2481 671 2552 μὲν
683 2483 711 2536 ίκ
725 2482 776 2535 τῶν
790 2478 836 2549 δη·

83 2565 197 2619 αοτικῶν
222 2564 283 2629 τούς
308 2563 465 2638 κρατίστους
490 2566 660 2634 επιλὲξαντες,
685 2565 851 2637 πατραλόας
