1890 2970
156 111 429 179 ANTIQvlTATvM
448 112 580 165 ιιοωειι.
602 115 663 165 ιω.
683 121 713 168 v.
767 125 817 178 133

66 211 142 291 ἱερῶν
153 217 277 288 βασιλεῦς
290 218 398 277 Μάνιος
411 217 554 289 Παπίριος,
568 223 596 274 ἐκ
610 220 661 273 τῶν
673 224 818 294 πατρικίων

66 297 133 371 α’νιὶρ
146 294 256 370 ἡσυχίας
269 301 354 370 φίλος.

129 379 164 439 ΙΙ.
182 379 229 447 Ὦς
243 383 270 438 δέ
284 382 480 451 κατεστήσαντο
491 382 590 448 ταῦτα,
618 384 760 449 δείσαντες,
788 385 819 448 ὡς

68 466 129 537 ἐμοὶ
143 467 224 534 δοκεῖ,
237 453 273 539 μὴ
289 465 352 530 δόξα
364 469 420 530 τοῖς
432 468 538 532 πολλοῖς
552 469 689 540 ἐγγίνηται
703 467 762 539 περί
776 472 821 535 τῆς

63 553 161 620 ,καινῆς
174 552 304 615 πολιτείας
317 546 367 607 οὐκ
381 547 494 621 άληθὴς,
515 546 555 607 ὅτι
570 550 619 607 δίο
638 553 757 625 βασιλεῖς
776 550 821 605 κδ-

39 655 41 659 ’
67 653 125 708 ριοι
136 636 262 708 γεγόνασι
274 637 320 704 τῆς
333 635 429 699 πόλεως
454 630 517 690 ἄνθ’
533 636 598 703 ἑνός,
626 637 753 709 ἑκατέρου
770 638 822 689 τῶν

68 717 178 773 ὕπάτων
191 718 252 784 τούς
265 719 366 774 δώδεκα
381 720 493 782 πελέκεις
511 717 628 788 ἔχοντος,
650 714 737 794 ὥσπερ
749 713 819 788 εἶχον

66 800 96 857 οἱ
109 803 235 873 βασιλεῖς,
250 801 353 878 ἔκριναν
367 805 398 858 τό
417 823 444 859 τε
464 801 520 868 δέος
536 801 688 874 ἀφελέσθαι
700 804 751 857 τῶν
764 822 817 857 πο-

65 888 151 951 λιτῶν,
179 885 225 942 καί
246 890 292 955 τῆς
304 887 423 952 ἐξουσίας
445 887 556 957 μειῶσαι
580 889 627 943 τόν
640 888 756 958 φθόνον,
770 887 818 941 τοῦ

66 971 114 1040 μέν
127 972 217 1044 ἑτέρου
229 973 281 1026 τῶν
296 970 403 1026 ὑπάτων
423 970 485 1035 τούς
505 969 605 1028 δώδεκα
626 972 816 1035 κατατάξαντες

65 1049 194 1126 ἡγεῖσθαι
208 1056 326 1123 πελέκεις,
341 1057 389 1111 τοῖν
403 1050 431 1108 δ’
452 1055 550 1127 ἑτέρου,
569 1053 669 1111 δώδεκα
690 1052 817 1128 ὑπηρέτας

66 1138 185 1212 ῥάβδους
198 1137 304 1208 έχοντας
315 1140 415 1210 μόνον·
440 1135 473 1201 ὦς
488 1138 516 1193 δέ
527 1159 594 1204 τινες
613 1138 758 1214 ῖστοροιῖσι,
773 1137 817 1192 καί

65 1222 197 1296 κορώνας·
210 1224 337 1294 γίνεσθαι
357 1221 385 1277 δέ
396 1223 446 1276 τῶν
460 1224 586 1278 πελέκεων
599 1225 647 1292 τήν
659 1224 816 1295 παράληψιν

63 1309 92 1360 ἐκ
107 1308 273 1378 περιτροπῆς,
288 1302 333 1361 ἕνα
345 1307 417 1377 μῆνα
433 1306 588 1373 κατέχοντος
601 1302 698 1370 αὐτοῖς
711 1310 816 1379 παραλ-

64 1392 113 1451 λάξ
126 1391 260 1461 ἑκατέρου.
286 1389 367 1444 τοῦτο
381 1388 413 1459 δὴ
441 1391 470 1445 τό
483 1390 631 1464 πολίτευμα
650 1391 816 1456 καταστησά·

63 1492 152 1546 μενοι,
181 1475 325 1547 πρόθυμον
343 1476 472 1544 ἐποίησαν
492 1475 527 1538 εἲς
545 1477 592 1544 τήν
611 1474 741 1548 διαμονήν
767 1474 814 1526 τῶν

65 1557 230 1630 πραγμάτων
266 1559 312 1612 τόν
348 1557 465 1631 δημότην
495 1557 542 1614 καί
573 1560 698 1613 ταπεινόν
729 1555 814 1626 ὄχλον,

64 1640 111 1696 καί
141 1638 208 1694 άλλα
232 1640 337 1705 τούτοις
367 1641 541 1715 παραπλήσια
571 1637 620 1697 οὔκ
646 1637 733 1713 ὀλίγα.
771 1639 815 1694 καί

63 1728 117 1800 γάρ
130 1723 193 1788 τοδς
218 1726 316 1798 νόμους
340 1726 402 1791 τοὺς
415 1723 475 1800 περὶ
499 1728 552 1780 τῶν
571 1725 742 1797 συμβολαίων
755 1725 815 1786 τοὺς

65 1809 119 1865 ὑπὸ
137 1809 249 1864 Τυλλίου
261 1809 419 1885 γραφέντας,
438 1808 649 1884 φιλανθρώπους
669 1808 714 1864 καί
734 1808 817 1880 δημο-’

65 1893 156 1956 τικοιῖς
169 1887 237 1949 εἶναι
250 1894 402 1962 δυκοῖιντας,
419 1886 466 1956 οῖς
477 1888 599 1957 ἅπαντας
607 1896 731 1950 κατέλυσε
745 1903 815 1967 Ταρ-

64 1977 164 2042 κίινιος,
179 1974 372 2034 ἀνενεώσαντο·
399 1977 445 2034 καί
457 1980 504 2043 τάς
523 1978 624 2043 θυσίας
649 1979 695 2042 τάς
707 1998 733 2033 τε
746 1978 815 2032 κατά

63 2064 112 2128 τήν
125 2062 202 2114 πόλιν
215 2060 260 2115 καί
273 2065 319 2126 τάς
329 2061 373 2118 όπί
386 2063 438 2118 τῶν
451 2059 547 2136 άμρῶν,
564 2056 595 2125 ιῖς
601 2065 742 2118 ἐποιοῦντο
756 2083 817 2116 uoco

64 2145 97 2219 νῇ
111 2145 244 2207 συνιόντες
257 2143 283 2199 οἱ
297 2144 411 2215 δημόται
417 2146 462 2202 καὶ
475 2144 502 2201 οῖ
508 2146 627 2218 φυλέται,
643 2148 721 2201 πάλιν
734 2164 816 2218 προσ-

64 2233 157 2293 έταξαν
171 2231 360 2294 ἐπιτελεῖσθαι,
375 2229 408 2293 ὥς
420 2227 464 2286 eni
481 2229 596 2285 Τυλλίου
611 2229 815 2285 συνετελοῦντο·

63 2315 204 2383 ἐκκλησίαν
218 2332 244 2366 τε
258 2311 303 2366 καί
323 2309 414 2376 αότοῖς
433 2311 570 2369 ἀπέδοσαν
590 2311 656 2384 ὑπὲρ
675 2314 725 2366 τῶν
743 2311 815 2385 μεμί-

64 2417 141 2463 στων,
156 2395 200 2452 καὶ
213 2398 307 2470 ψῆφον
322 2399 463 2468 ἐπιφέρειν,
478 2391 612 2452 καλτάλλα
626 2397 750 2469 πράττειν
764 2391 815 2452 ὅσα

64 2483 132 2535 κατά
144 2482 205 2544 τοῖς
231 2482 376 2556 προτέρους
397 2475 679 2554 ῖθισμοδςέπραττον.
700 2482 756 2544 τοῖς
768 2482 815 2552 μὲν

66 2553 114 2619 οόν
126 2569 233 2629 πολλοῖς
244 2560 312 2622 ’καθ’
323 2560 422 2633 ἡδονήν
434 2568 467 2620 τά
480 2566 608 2640 γινόμενοι
617 2559 659 2622 ὑπ’
675 2561 762 2621 αιίτιῖιι
777 2553 823 2629 λιν,
