1890 2970
146 112 179 164 12
264 105 425 158 τοιουτου
443 70 785 156 πεττοεουοοσοσειο

145 211 244 280 ,πάλιν
267 213 503 286 ἐπιτροπεύεσθαι,
526 204 572 282 ὑφ’
599 196 633 264 ού
651 210 776 274 πολλάκις
789 205 840 281 ἤδη
862 212 911 270 καὶ

146 296 299 372 ,πρότερον
312 295 509 372 ἐπετροπεύθη.
523 291 591 351 ὅταν
605 294 634 351 δέ
653 296 701 350 τάν
716 295 837 370 παρόντα
851 298 910 352 κίν.

147 379 251 448 ,,δυνοκ
274 379 502 455 διασκεδάσωμεν,
529 377 609 436 οὐδέν
620 380 673 454 γάρ
687 377 725 434 ἔτι
736 380 789 434 τῶν
800 381 909 456 ἐχθρῶν

147 463 243 533 »ἔσται
268 461 387 541 ἰσχυράν,
411 465 457 539 ζῇν
483 464 533 519 τού
553 465 681 538 βασιλέως
694 458 905 537 άγγελλομένου·

147 547 335 625 ,παραλαβὼν
347 549 382 605 σύ
393 550 440 614 τάς
452 570 480 604 τε
491 547 612 624 ῥάβδους
630 547 677 603 καί
690 549 738 618 τὴν
750 549 801 603 τῶν
814 543 906 605 ὅπλων

148 634 308 703 ,,ἐξουσίαν,
334 633 408 689 κάλει
433 631 495 697 τούς
521 630 720 706 βουλεύσαντας
744 627 906 689 άποκτελναι

146 758 164 785 ,,
170 715 321 793 Ταρκύνιον
333 716 377 773 ἐπὶ
389 718 436 771 τὸν
457 716 551 790 δῆμον,
566 713 621 772 άπδ
633 717 686 771 τῶν
697 717 829 792 Μαρκίου
840 717 907 774 παί.

146 801 220 867 ,,δων
232 797 384 877 άρξάμενος,
402 800 447 858 καί
460 802 563 879 πρόθες
576 796 669 866 αύτοίς
688 799 777 866 δίκας·
790 822 903 877 τιμωρη·

145 886 281 959 ,,σάμενος
295 884 324 941 δέ
336 882 449 950 τούτους
460 880 594 953 άπακτας,
608 886 656 941 έάν
672 885 721 958 μέν
741 882 905 959 ύπομείνωσι

146 971 213 1036 ,τάς
238 969 343 1042 κρίσεις,
369 971 517 1037 θανάτοις·
544 971 591 1026 ἐάν
606 969 634 1025 δέ
659 969 775 1044 ἐρήμους
787 967 903 1040 άφῶσιν,

145 1049 181 1119 „3
191 1053 293 1128 μάλλον
306 1049 405 1118 αύτούς
418 1047 635 1125 οίμαιποεὴσειν,
651 1049 780 1128 άειφυγίρι
792 1054 838 1112 καλ
853 1053 905 1124 δη-

145 1137 256 1212 ,,μεύσει
268 1138 319 1194 τῶν
332 1136 505 1214 ύπαρχάντωκ
511 1180 520 1208 ,
547 1139 703 1194 καθίστασο
729 1133 782 1210 ᾔδη
795 1139 829 1195 τά
842 1139 905 1213 περὶ

146 1224 213 1293 ,μὴν
226 1220 318 1298 άργὴν,
345 1222 461 1297 δμιλίαις
472 1243 501 1280 τε
518 1221 723 1297 φιλανθρώποις
741 1219 906 1297 άναλσμγλά-

146 1328 216 1376 ,νων
229 1308 260 1363 τὸ
274 1309 387 1378 πλῆθος,
402 1305 447 1363 καί
471 1307 521 1364 τού
534 1305 619 1381 μηδέν
632 1304 750 1379 άδίκημα
773 1309 905 1382 γενέσθαι

145 1393 266 1463 ,πολλὴν
280 1390 345 1462 ἔχων
357 1391 498 1468 φροντίδα,
513 1390 559 1447 καί
576 1392 639 1454 τούς
652 1386 772 1468 άπδρους
786 1393 836 1447 τῶν
848 1412 904 1448 πο-

146 1478 243 1545 ,,λιτῶν
268 1472 429 1553 εύεργεσίαις
455 1473 510 1533 τισί
523 1473 570 1532 καί
596 1473 706 1551 δωρεαῖς
724 1476 904 1550 ἐπαγόμενος·

145 1555 253 1628 ,ἔπειθ’
266 1557 332 1619 ὅταν
345 1562 437 1638 καιρδς
450 1555 513 1632 ἡμῖν
525 1553 595 1616 εἶναι
609 1559 689 1634 δοκῇ,
716 1561 776 1616 τότε
788 1562 901 1635 λέγωμεν

144 1641 378 1716 ,ἀποτεθνηκέναι
395 1644 553 1718 Ταρκύνιον,
575 1643 622 1702 καὶ
634 1646 722 1714 ταφάς
745 1639 817 1719 αύτῷ
836 1665 902 1701 ποι-

144 1732 232 1800 ί,ὦμεν
245 1728 300 1787 άπδ
315 1730 497 1804 τούφανερού.
513 1728 614 1793 δίκαιος
627 1722 655 1783 δ’
670 1723 700 1795 εί,
719 1729 821 1796 Τύλλιε,
835 1751 901 1803 τρα-

145 1815 220 1883 ,,φείς
233 1835 260 1869 τε
273 1809 319 1885 ὑφ’
334 1809 459 1883 ἡμῶνκαὶ
465 1812 629 1880 παιδευθείς,
644 1809 690 1868 καί
703 1813 809 1868 πάντων
821 1833 902 1887 μετε-

142 1897 264 1965 ,,σχηκο“ες
285 1893 409 1970 άγαθῶν,
443 1892 514 1954 ὅσων
538 1900 612 1974 παραὶ
625 1898 725 1972 μητρός
743 1919 770 1952 τε
783 1895 829 1953 καί
842 1920 900 1953 πα-

143 1981 224 2054 ,,τρός
238 1976 292 2036 ύιοί
303 1982 548 2055 μεταλαμβάνουσι,
568 1981 614 2038 καί
631 1981 751 2057 θυγατρί
769 1983 900 2037 συνοικῶν

142 2058 285 2139 ,,ημετε’ρφ,
312 2067 359 2120 ἐάν
373 2066 405 2134 δὴ
419 2066 464 2123 καί
477 2067 602 2140 βασιλεύς
615 2064 653 2122 έτι
677 2066 740 2141 γένη
750 2061 897 2137 Ῥωμαίων,

143 2150 226 2220 ,ἐμοῦ
250 2168 281 2222 γε
294 2144 368 2207 ένεκα
381 2154 426 2222 τῆς
439 2149 474 2215 είς
487 2151 568 2207 τούτό
586 2171 628 2207 σοι
642 2151 899 2224 συναγωνισαμένης,

143 2234 261 2308 ,πατρὸς
273 2229 381 2291 εύυσιαν
395 2239 451 2301 τολς
463 2234 581 2300 παιδίοις
592 2233 675 2299 τοίςδε
689 2236 898 2309 παρασχέσθαι·

142 2314 229 2383 ,ὅταν
242 2318 271 2373 δὲ
284 2313 319 2382 είς
334 2313 431 2394 άνδρας
457 2318 556 2374 έλθωσι
569 2318 616 2375 καὶ
628 2321 661 2376 τά
674 2318 753 2375 κοινά
771 2313 900 2392 πράττειν

142 2402 249 2466 ,,ίκανολ
261 2405 395 2477 γένωνται,
410 2404 456 2458 τάν
469 2401 648 2479 πρεσβύτερον
674 2399 762 2460 αὐτῶν
782 2399 899 2460 άποδελ-

143 2492 203 2550 υξαι
215 2483 350 2559 Ῥωμαίων
362 2483 510 2560 ἡγεμόναι“

204 2567 236 2627 V.
270 2565 481 2630 Ταύτέίπούσα
508 2571 553 2629 καί
567 2572 617 2627 τῶν
644 2571 759 2628 παιδίων
772 2567 897 2648 ἑκάτερον
