1890 2970
118 100 392 170 ειττιοτττετυυι
412 64 556 155 ιεοειεει.ἱ
569 104 631 155 Lm.
651 106 695 156 ιν.
765 109 800 164 79

56 207 183 264 ίασιλείαν
209 203 261 279 εἶχε
283 210 335 263 τῶν
357 203 493 278 Ῥωμαίων
520 210 589 261 κατά
615 209 714 279 νόμους
733 205 798 281 παρ’

56 293 156 348 κόντων
169 290 267 365 λαβὼν,
276 286 550 367 ἀσπεροῖπρόαδτοῖι
561 290 693 360 βασιλεῖς·
707 287 798 357 ὅπλοις

56 375 75 431 λε’
88 375 134 432 καί
147 376 197 451 βίᾳ
221 378 395 446 κατισχύσας,
421 374 580 449 τυραννικήν
600 394 627 428 τε
651 376 797 448 μοναρχίαν

56 461 291 533 ταταστηαάμενος,
303 460 366 525 τοδς
377 459 425 533 μίν
445 455 601 515 ἀποκτείνοι
610 460 661 512 τῶν
674 459 796 524 πολιτῶν,

56 545 107 609 ὀδς
120 544 148 599 δὲ
160 543 291 607 ἐξελαίνοε
307 546 352 613 τῆς
364 541 504 619 πατρίδος,
532 543 583 599 τῶν
603 541 630 596 δέ
641 540 797 615 περικόπτοι

57 630 90 692 ἀς
104 623 205 696 οὗσίας,
219 626 343 686 ἁπάντων
357 628 384 685 δι’
397 624 454 700 ἅμα
467 627 516 696 τὴν
528 626 680 701 παρρησίαν
693 623 738 680 καὶ
751 625 798 692 την

56 714 199 787 λευθερίαν
225 709 385 788 ἀφαιροῖτο·
410 713 508 781 πολλῆς
529 710 669 784 τιμωρίας
687 707 738 780 ἔφη
753 708 798 764 καί

56 797 224 871 ίεοβλαβείας
236 791 318 864 εἶναι,
334 798 408 871 παρά
421 797 543 871 πονηροῦ
556 794 602 850 καί
609 791 722 851 ἀνοσίου
734 795 794 870 τρδ·

55 901 96 936 ιοω
106 884 222 955 χρηστόν
235 902 261 937 τι
274 881 320 938 καί
332 883 527 957 φιλάνθρωπον
539 880 662 947 ἐλπίζειν,
686 876 731 934 καί
745 900 794 935 νο·

55 965 122 1032 ιίζειν
134 964 168 1031 ὥς
181 966 196 1022 ὁ
209 969 260 1023 τῶν
274 967 487 1068 συγγενεστάτων
505 963 551 1020 καί
570 961 793 1039 ἀναγκαιοτάτων

55 1051 260 1123 φεισάμενος,
288 1054 339 1107 τῶν
362 1047 507 1124 ἀλλοτρίων
520 1049 655 1120 φείσεται·
681 1044 793 1123 παρήκει

55 1155 66 1189 ε
80 1134 125 1200 ἕως
138 1131 215 1191 οὔπω
228 1137 274 1192 τὸν
283 1135 393 1204 χαλινδν
405 1131 530 1204 εἰλήφασι
548 1134 593 1200 τῆς
606 1131 732 1198 δουλείας,
747 1152 792 1188 πε·

56 1218 128 1275 ὶτοῖι
140 1241 176 1292 μη
169 1221 282 1291 λαβεῖν
296 1216 380 1276 αὐτὸν
395 1218 587 1290 διαμάχεσθαι,
609 1219 637 1280 ίξ
660 1202 696 1271 ὧν
709 1212 792 1289 ἕτεροι

55 1305 193 1359 επόνθασι
220 1303 311 1359 δεινοῖν
336 1303 558 1378 τεκμαιρομένους
583 1294 601 1355 ἀ
628 1299 792 1368 συωδησειαε

55 1391 141 1447 ταθεῖν
154 1383 253 1454 αδτοῖς.

102 1469 218 1528 XLVII.
246 1468 365 1544 Τοιαδτῃ
377 1467 532 1545 καταδρομῇ
544 1468 592 1525 τοὶί
609 1467 788 1544 Τέρνσυχρη-

55 1557 165 1628 αμένου,
180 1555 224 1612 καί
238 1558 290 1612 τῶν
312 1557 415 1611 πολλῶν
429 1554 536 1629 σφόδρα
549 1555 711 1622 κινηθέντων
738 1551 789 1609 δπδ

55 1643 89 1695 ῶν
104 1641 195 1714 λέγων,
209 1636 383 1710 αἶιηοοίμενος
403 1636 438 1702 είς
451 1636 601 1711 ἀπολογίαν
614 1638 630 1694 ὁ
645 1634 791 1711 Ταρκδνιος

55 1727 86 1794 ἡν
99 1726 229 1781 ἐπιοῦσαν
246 1720 356 1797 ἡμέραν,
378 1723 424 1780 καί
449 1722 545 1797 λαβὼν,
568 1720 601 1785 ὡς
626 1721 642 1777 ὁ
663 1721 790 1795 σύλλογος

54 1808 158 1877 ιελίάη,
182 1809 367 1883 παρακαλέσας
386 1807 447 1871 τοδς
460 1805 694 1882 ἀναγκαιοτάτους,
714 1808 789 1862 ἐσκό-

54 1915 81 1950 ε·ι
93 1890 154 1965 μετ’
167 1895 273 1949 ἐκείνων
286 1894 345 1948 τίνα
369 1894 497 1967 χρηστέον
511 1896 567 1956 τοῖς
579 1892 717 1992 πράγμασι
729 1893 789 1991 τρά-

54 1999 96 2035 ·.ον
128 1968 276 2049 οἱμένοδν
301 1974 377 2034 ἀλλον
399 1975 582 2049 τοδςλόγους,
610 1962 789 2048 ουςηναυτρῖ

54 2063 137 2119 εκτέον
146 2061 190 2117 ἐπὶ
203 2060 409 2136 τηςάπολογίας,
423 2059 590 2127 ὑπετίθεντο,
605 2082 649 2116 και
640 2059 788 2133 τοδςτρδ-

54 2168 109 2212 ους,
112 2141 208 2210 σίςέδει
217 2149 246 2201 τὸ
255 2144 588 2218 πλῆθοςάποθεραπευειν,
592 2141 788 2246 ἀπελογίζοντο.

55 2227 115 2295 διὸς
129 2226 182 2286 δ’
166 2229 347 2304 οΤαρκίνιος
366 2230 465 2286 τοδτων
478 2231 527 2301 μέν
540 2224 681 2290 οὐδενδς”
667 2249 716 2297 εφη
731 2227 786 2282 δεῖν

54 2320 90 2381 οἷς
102 2317 266 2392 πράγμασιν,
294 2311 366 2370 ίδίαν
386 2314 414 2370 δι’
431 2315 537 2387 γνώμην
554 2308 708 2374 ἀπεδείκνυ,
737 2311 784 2364 τοῖν

55 2400 116 2469 ητα
109 2402 348 2473 κατηγορηθέντα
367 2397 451 2465 λίειν,
472 2393 530 2453 ἀλλά
543 2391 627 2452 αὗτόν
646 2393 692 2449 τὸν
706 2414 785 2460 κατη-

53 2505 184 2559 ορησαντα
204 2482 334 2557 ἀναιρεῖν.
361 2483 552 2584 ίπαινεφάνιων
570 2479 597 2534 δὲ
616 2499 663 2546 την
679 2477 785 2582 γνώμην

55 2573 173 2634 πάντων,
207 2570 401 2642 συνταξάμενος
412 2563 467 2639 μετ’
482 2562 585 2635 αδτῶυ,
603 2561 639 2638 τιξ
652 2565 724 2620 κατά
741 2583 791 2631 την
