1890 2970
123 140 172 193 156
255 130 413 184 DIONYSII
428 127 767 181 HALICARNASSENSIS

123 258 205 294 σαντο
218 238 332 311 πρῶτοι,
356 239 431 311 παρεί
444 239 490 305 τῆς
503 237 592 304 κοινῆς
606 219 723 307 ἱστορίας
737 229 800 290 οἶδα
814 256 872 304 μα-

123 322 192 389 θών,
211 315 244 389 ἣν
256 323 372 390 ποιητῶν
391 340 418 375 τε
438 319 464 374 οἶ
482 320 658 374 παλαιότατοι
679 315 724 373 καὶ
748 338 871 393 συγγρα-

124 408 195 476 φέων
220 403 246 460 οἶ
270 404 427 476 λογιώτατοι
453 401 682 477 παραδεδώκασιν.
707 397 872 475 ἆγῶναςμέι

123 491 176 562 γιίρ
195 489 352 558 ἐπιταφίους
378 489 532 556 τιθεμένους
550 485 593 541 ἐπὶ
612 489 666 550 τοῖς
686 483 802 549 ἐνδόξοις
821 483 872 540 ῶν-

125 572 203 642 δροίσι
216 570 359 643 γυμνικοὺς
372 592 398 626 τε
417 571 461 625 καί
481 569 604 631 ἱππικοὺς
624 568 677 624 ὑπὸ
697 571 748 625 τῶν
767 590 872 644 προοη·

124 657 222 710 πόντων
237 653 418 727 ίστορὴκασιν,
445 652 478 716 ῶς
497 651 549 707 ὑπό
569 649 592 707 τ’
605 649 731 721 Ἅγιλλέως
749 651 794 708 ἐπὶ
807 663 871 708 Πα-

124 740 230 809 τρόκλῳ,
246 735 290 790 καὶ
303 736 341 791 ἔτι
355 738 483 811 πρότερον
504 731 547 804 ὑφ’
567 733 733 809 Ἠρακλέους
752 736 798 792 ἐπὶ
819 738 861 792 Πέ

124 824 201 875 λοπι·
221 822 346 884 ἐπαίνους
365 819 392 875 δέ
411 820 566 892 λεγομένους
584 815 622 874 ἐπ’
644 814 736 882 αὐτοῖς
754 815 787 873 οὗ
807 821 871 892 γριί·

123 923 221 974 φουσιν
235 902 280 968 ε’ξω
298 906 348 958 τῶν
360 898 484 974 Ἀθήνῃσι
504 902 723 977 τραγῳδοποιῶν,
742 900 770 957 οἳ
787 906 873 959 κολα-

123 987 240 1049 κεύοντες
253 987 299 1055 τήν
313 988 397 1050 πόλιν,
417 985 461 1041 ἐπὶ
475 989 530 1049 τοῖς
544 985 594 1042 ὑπὸ
608 986 711 1055 Θησέως
728 989 874 1058 θαπτομέ-

124 1092 177 1135 νοις
189 1068 234 1124 καδ
253 1072 332 1125 τοῦτο
345 1069 508 1143 ἐμύθευσαν.
536 1065 586 1143 ίψέ
596 1074 649 1142 γοίρ
663 1064 721 1124 ποτ’
734 1065 874 1140 Ἀθηναῖοι

123 1155 291 1226 προσέθεσαν
317 1156 363 1209 τὸν
388 1154 531 1226 ἐπιτσίφιον
556 1151 666 1208 ἔπαινον
678 1151 714 1225 τῷ
731 1156 812 1226 νόμῳ,
826 1148 871 1208 εἴτ’
930 1172 933 1179 ·

123 1234 176 1292 ἀπὸ
189 1239 239 1318 τῶγ
251 1233 290 1291 ἐπ’
309 1232 456 1311 Ἀρτεμισίῳ
475 1235 519 1291 καί
540 1235 600 1307 περὶ
619 1239 760 1308 Σαλαμῖνα
784 1235 829 1292 καί
843 1238 869 1294 ἐν

123 1323 273 1384 Πλαταιαῖς
288 1319 350 1395 ὑπέρ
371 1325 415 1392 τῆς
432 1318 558 1394 πατρίδος
579 1317 775 1376 σἰποθανδντων
789 1317 869 1391 εἰρξά-

122 1423 203 1472 μενσι,
218 1400 261 1458 εἴτ’
277 1402 330 1460 &aa
344 1406 394 1460 τῶν
408 1403 466 1477 περί
480 1405 644 1480 Μαραθῶνα
656 1402 746 1477 ἔργων.
767 1402 870 1480 ὕστερεῖ

125 1485 208 1541 δὲκαὶ
226 1489 259 1542 ται
277 1490 451 1560 Μαραθώνια
471 1490 515 1556 τῆς
535 1487 662 1560 Βρούτου
680 1491 773 1560 ταφῆς,
800 1486 822 1542 εί
836 1489 869 1558 δὴ

124 1567 177 1625 ῶπὸ
191 1569 290 1626 τσίιτων
317 1571 424 1644 πρώτων
438 1566 548 1641 ἤρξαντο
571 1570 598 1626 οἶ
616 1569 719 1627 ἔπαινοι
739 1573 870 1644 λέγεσθαι
931 1596 935 1621 ι

122 1657 176 1718 τοῖς
190 1652 405 1726 ἀπογενομένοις,
423 1653 559 1708 ἑκκαίδεκα
572 1653 663 1711 ἔτεσιν.
677 1651 700 1710 εἶ
713 1655 742 1710 δέ
754 1676 806 1722 τις,
826 1658 870 1712 ed-

123 1758 170 1803 σας
182 1741 290 1795 σκοπεῖν
301 1737 405 1800 οἵτινες
429 1724 497 1804 ἦσαν
523 1735 549 1791 οἱ
576 1740 674 1812 πρῶτοι
693 1739 754 1803 τοδς
773 1743 869 1795 ἐπιτα-

122 1822 199 1891 φίους
218 1823 342 1882 ἐπαίνους
360 1822 601 1894 καταστησάμενοι,
621 1823 668 1876 τὸν
686 1824 768 1895 νόμον
786 1818 869 1878 αὐτὸν

121 1899 161 1968 ἐφ’
175 1906 272 1958 ἑαυτοῦ
285 1904 433 1975 βουληθείη
454 1908 624 1976 καταμαθεῖν
650 1900 712 1978 παρ’
731 1905 870 1979 ὁποτέροις

121 1981 229 2056 ἄμεινον
242 1985 300 2054 ἔχει,
314 1987 431 2060 τοσούτῳ
450 1989 646 2062 φρονιμώτερον
665 1987 768 2062 εὑρήσει
793 1996 869 2065 παριὶ

121 2070 211 2124 τοῖσδε
236 2072 353 2142 κείμενον
377 2067 473 2137 αὐτὸν,
501 2067 598 2145 ἧπαρ
624 2073 745 2138 ἐκείνοις,
774 2067 829 2146 ὅσῳ
841 2070 868 2145 γ’

118 2147 255 2222 Ἀθηναῖοι
266 2155 314 2224 μέν
326 2153 370 2210 έπί
383 2159 438 2220 τοῖς
450 2158 478 2210 εἰτ
491 2157 541 2208 τῶν
554 2157 673 2228 πολέμων
685 2161 870 2228 θαπτομένοις

120 2238 343 2306 καταστήσασθαι
366 2239 426 2301 τούς
445 2240 601 2309 ἐπιταφίους
619 2236 802 2311 οἷγσρεώεσθαι
820 2243 868 2298 λό-

117 2342 184 2392 γους
197 2321 331 2388 δοκσῶσιν,
357 2325 385 2376 ἐκ
404 2323 466 2392 μιῶς
479 2323 523 2390 τῆς
542 2322 602 2395 περὶ
615 2325 660 2378 τὸν
670 2325 793 2378 θοίνατον
808 2321 870 2398 ἀρε·

118 2407 168 2472 τῆς,
184 2402 234 2478 κᾷν
248 2400 330 2460 τᾶλλα
343 2405 446 2477 φαῦλος
463 2406 569 2475 γένηταί
580 2426 626 2472 τις,
640 2408 761 2473 ἐξετάζειν
774 2403 870 2477 οῗόμε-

117 2507 159 2540 τοι
171 2487 225 2542 δεῖν
238 2490 298 2550 τοὺς
310 2487 442 2561 ῶγαθοὺς.
453 2484 580 2559 Ῥωμαῖοι
605 2490 621 2544 δ
626 2485 633 2508 '
659 2485 699 2561 ἐφ’
712 2485 799 2558 οἶπασι
813 2494 869 2556 τοῖς

116 2567 229 2637 ἰνδόξοις
239 2569 375 2647 σίνδροὶσιν,
388 2573 433 2628 έιίν
446 2592 472 2626 τε
487 2574 604 2645 πολέμων
617 2569 756 2648 ἡγεμονίας
768 2575 868 2648 λαβόν·
