1890 2970
102 115 139 170 90
223 105 383 159 DIONYSII
397 100 748 157 'HALICARNASSENSIS

100 237 146 285 κης
159 206 380 290 δρμισάμενοι·“ι
361 232 396 285 ην
407 207 456 268 οάκ
470 209 519 282 ἔγω
533 207 618 267 είπείν
631 213 681 267 εἴτε
694 194 729 281 ήν
742 208 868 286 οίκσυμέ·

100 322 131 371 νη
146 299 191 356 καί
202 301 349 375 πρότερον,
376 299 427 353 εἴτε
438 296 541 371 ἐρήμη·
564 280 721 371 ᾖτίθενται
744 291 868 400 τοῦνομα

99 382 265 442 σίιιθετσν”
248 406 277 440 εκ
290 405 318 439 τε
332 379 432 456 άνδρός
442 403 487 437 και
478 380 598 449 τόπου,
619 373 821 458 Σαμοθρηίκην.
837 385 867 441 τδ

98 471 146 544 μέν
160 472 213 543 γάρ
223 469 329 540 χωρίον,
349 471 395 538 τῆς
410 463 530 542 Θράκης·
545 466 561 522 δ
575 465 638 521 δε
612 488 739 541 οικιστης,
755 468 865 541 Σάμων,

99 555 159 621 υίὸς
168 547 632 662 ἙρμουκαλνάμφηςΚυλληνίδος’
629 552 716 622 Ρήνης
731 549 866 626 ὀνομαζο-

98 644 188 716 μένης.
203 643 255 695 ἐκεῖ
276 639 305 693 δέ
296 639 422 740 χρόνον
437 631 470 690 σά
494 636 581 692 πολέιν
608 636 853 712 διατρίψαντες,
834 660 867 704 ως

101 721 150 782 οάκ
164 720 279 797 εάμαρής
291 709 324 792 ήν
338 722 354 778 δ
366 716 474 795 βίος’
440 723 539 788 αυτοῖς,
555 719 593 796 γῇ
605 742 631 776 τε
644 722 735 798 λυπρρι
749 743 796 778 και
785 719 866 780 θα·

101 806 216 884 λάττη’
198 808 281 884 αγρίηι
293 810 462 882 μαχομένοις,
478 801 587 879 ὀλίγους
605 808 727 872 τινάςν
699 811 727 864 ἐν
745 806 779 882 τῇ
796 807 867 881 νήσρι

101 895 260 966 λειπόμενοι,
287 889 489 948 ἀπανίστανται
505 893 586 947 πάλιν
611 911 638 946 οι
627 889 793 956 κλείους’
769 913 807 955 εις
818 895 867 961 τήν

99 976 194 1045 Ἀσίαν,
221 976 321 1047 ἔχοντες
341 974 460 1051 ήγεμόνα
486 976 532 1045 τής
556 972 685 1040 ἀποικίας
706 974 869 1052 Δάρδανον·’

102 1060 207 1131 ,,”Ιασος
219 1065 272 1137 γάρ
285 1066 313 1117 ἐν
326 1062 361 1137 τῇ
374 1063 447 1135 νήσῳ
474 1059 594 1134 κεραυνῷ
615 1061 722 1135 πληγείς
745 1062 863 1136 τελευτᾷ,

100 1143 544 1222 ,Λήμητροςεάνήνὅριγνάμενάς
571 1144 599 1201 οἱ
624 1143 727 1215 έχειν·“
751 1149 866 1214 ποιησά-

99 1236 175 1306 μενοί
189 1253 215 1288 τε
228 1233 275 1301 τήν
290 1230 430 1305 ἀπόβασιν
443 1235 470 1287 έν
484 1229 521 1304 τῷ
534 1232 688 1305 καλουμένῳ
709 1233 759 1286 νίιν
776 1227 866 1303 Ἐλλη-

101 1320 216 1388 σπάνιηι,
239 1314 299 1389 περί
324 1317 373 1385 τήν
402 1311 518 1392 ὕστερον
545 1318 694 1385 κληθεῖσαν
719 1315 866 1384 οἰκίζονται

106 1403 245 1476 Φρυγίαν·
265 1398 364 1465 Ἰδαῖος
375 1401 424 1472 μέν
438 1400 454 1455 δ
466 1401 615 1476 Δαρδάνου
626 1404 707 1475 μέρος
720 1406 767 1472 τῆς
785 1422 866 1477 υτρα·

100 1487 159 1549 τιάς
172 1486 243 1555 ἔχων,
259 1489 288 1540 ἐν
300 1490 356 1550 τοῖς
369 1484 459 1560 ὄρεσιν
485 1480 504 1540 ά
522 1481 665 1541 νῦνἸδαῖα
684 1482 733 1542 ἄπ’
761 1489 864 1543 ἐκείνου

100 1573 216 1645 λέγεται·
244 1569 313 1626 ἔνθα
326 1570 494 1646 μητρίθεῶν
512 1569 584 1648 ἱερὸν
616 1569 793 1645 ἱδρυσάμενος
818 1571 863 1647 δ’ρ·

99 1678 146 1730 για
173 1655 219 1711 καλ
245 1657 348 1722 τελετάς
367 1655 558 1724 κατεστήσατο,
577 1650 656 1712 άκαί
673 1653 708 1719 είς
723 1657 784 1712 τόδε
796 1658 861 1730 χρά-

100 1760 149 1796 νου
162 1740 334 1813 διαμένουσιν
349 1740 376 1796 ἔν
389 1741 464 1812 πάση
486 1740 609 1815 Φρυγίᾳ·
630 1739 772 1814 Δάρδανος
792 1738 820 1796 δ’
835 1747 862 1798 έν

98 1847 130 1900 τη
119 1824 299 1897 καλουμένη
316 1826 365 1879 νῦν
388 1823 496 1901 Τρωάδι
515 1824 634 1880 πόλιν“
618 1825 761 1929 ρμώνυμον
789 1822 863 1899 αάτῳ

98 1910 309 1973 κατασκευάσας,
324 1903 465 1972 δέννος
430 1909 504 1981 αυτῷ
517 1912 549 1963 τά
560 1911 646 1983 χωρία
668 1911 789 1985 Τεύκρου
811 1912 857 1982 βα

98 1991 225 2059 σιλίως,’
207 1989 255 2064 αφ’
270 2012 304 2048 ου
334 1992 444 2067 Τευκρὶς
469 1996 520 2047 τῶν
531 1996 634 2068 χωρίων
660 1990 676 2063 ή
696 1997 731 2065 γῆ
751 1995 854 2100 ἐλέγετο

98 2099 195 2134 τουτον
211 2077 239 2134 δέ
252 2072 328 2134 άλλοι
341 2100 369 2135 τε
389 2077 497 2144 πολλοι,
527 2077 571 2134 καί
597 2078 798 2182 (ίλανόδημος
782 2101 797 2134 ο
812 2081 861 2147 τήν

98 2159 212 2233 Ἀττικήν
237 2164 346 2238 γράψας
373 2161 579 2238 άρχαιολογίαν,
616 2183 643 2216 εκ
679 2165 724 2231 τῆς
748 2159 861 2232 ,ιλττικής

98 2250 254 2324 μετοικῆσαί
278 2269 364 2319 φασιν
390 2245 426 2312 είς
451 2249 499 2316 τήν
516 2243 616 2314 Ἀσίαν,
650 2246 737 2320 δήμου
762 2242 856 2312 Ἕξπσ·

98 2336 190 2398 ταιέως
210 2328 344 2408 άρχοντα·
370 2332 417 2389 καί
431 2333 517 2388 πολλά
542 2331 705 2406 παρέχονται
734 2335 785 2388 τοῦ
810 2334 858 2389 λά·

96 2439 148 2489 γου
177 2420 313 2494 τεκμήρια.
340 2418 511 2495 κρατήσαντα
539 2416 571 2486 δή
599 2416 687 2489 χώρας
718 2419 815 2487 συχνῆς
831 2438 859 2472 τε

97 2501 142 2557 καί
156 2500 273 2574 άγαθής,
288 2502 333 2557 καί
345 2500 378 2558 σά
389 2502 459 2558 πολίι
479 2502 508 2556 τὸ
528 2499 669 2576 ἐπιχώριον
688 2505 764 2576 γένος
777 2501 858 2569 έχοά-

24 2577 26 2580 Ι
81 2603 137 2648 W
155 2583 281 2657 άνμενως
293 2592 340 2647 τόν
352 2587 503 2666 Δάρδανον
517 2583 586 2646 ἷδελν
607 2584 656 2642 καὶ
673 2588 708 2641 το
722 2588 771 2641 σὶιν
794 2582 867 2654 αἰετέ)
