1890 2970
193 88 475 182 ευτιρυιτττνυ
491 113 628 171 ROMAN.
644 116 741 173 τιατ
821 126 858 188 75

130 219 345 290 ιλίανάφίκετο,
369 216 503 279 ἐπ”οίκου
528 211 611 290 αύθις
623 222 856 300 ἀνεκομίσθησαν.

104 304 211 379 λάτρων
225 303 256 361 δὲ
268 304 390 371 πεισθείς
403 301 565 364 ύπἈῖντίσυ
576 313 761 381 κοινωνεῖντῆς
774 309 857 371 άποι·

87 388 156 455 κίας,
173 388 221 445 καί
236 391 288 446 σύν
307 386 381 464 αύτῷ
393 412 462 457 τινες
481 394 643 463 τῶνφίλων,
669 393 813 468 ύιιύμειναν
825 401 855 455 ίν

87 473 123 545 τῷ
138 475 240 547 στόλῳ·
252 468 301 540 σῦς
313 474 381 532 ἔνιοί
405 496 492 548 φασιν
505 480 533 533 ίν
543 472 682 551 Ἅλουντίρι
695 485 853 550 κατοικῆσαι

89 560 136 626 τῆς
154 561 285 624 Σικελίας.
312 559 414 629 ταύτης
446 558 596 634 ὑπομνήσει
623 565 670 630 τῆς
692 559 851 640 εὐεργεσίας,

91 638 225 717 ’λναρνάσι
237 636 367 718 Ῥωμαῖοι
376 645 505 703 Λευκάδα
519 643 565 713 καί
576 641 761 720 Ἀνακτόριον,
783 647 853 719 άφι-

87 728 195 798 λάμενοι
218 732 400 802 Κορινθίους,
416 727 471 785 άνά
481 732 580 802 χρόνον
593 732 769 804 ἐχαρίσαντο,
784 730 853 789 λυτά-

86 811 135 875 δας
148 833 176 867 τε
189 810 417 884 ἀποκαταστῆσαι
435 816 611 887 βουλομένοις
628 817 792 888 ἐπέτρεψαν,
807 816 853 871 καί

86 897 132 961 τάς
141 891 284 965 Ἐχινάδας
296 900 395 968 νήσους
407 900 588 971 καρποῦσθαι
602 898 680 972 κοινῇ
695 895 752 970 μετ’
765 896 853 955 Αἰτω-

76 984 136 1062 λάν
162 980 273 1037 ἔδωκαν.
299 982 329 1039 ολ
359 983 388 1039 δύ
409 984 460 1038 σύν
484 981 579 1057 Αἰνείᾳ
599 984 776 1057 ποιησάμενοι
802 986 851 1053 τήν

84 1063 228 1138 άπύβασιν
241 1063 276 1122 ού
288 1063 354 1123 καθ’
368 1066 396 1124 ἓν
406 1069 507 1140 χωρίον
520 1072 566 1139 τῆς
576 1062 697 1131 Ἰταλίας,
710 1065 778 1125 άλλά
791 1071 850 1131 ταῖς

84 1151 133 1224 μὲν
150 1151 289 1216 πλείσταις
302 1153 382 1209 ναυσί
395 1154 463 1227 πρὸς
474 1147 563 1226 άκραν
573 1146 714 1225 Ἰαπυγίας
738 1151 849 1227 ὁρμισά-

84 1254 171 1308 μενοι,
185 1231 203 1306 ῆ
216 1237 277 1292 τότε
291 1240 450 1302 Σαλεντῖνος
462 1239 580 1310 ἐγίνετο·
604 1239 663 1300 ταῖς
689 1236 718 1292 δὲ
742 1239 851 1299 λοιπαῖς

86 1322 157 1376 κατά
171 1321 203 1376 τό
217 1319 381 1393 καλούμενον
389 1317 543 1391 Ἀθηναῖον,
558 1320 627 1376 ἔνθα
641 1319 688 1375 καί
700 1315 784 1388 αύτδς
801 1317 850 1378 Αἱ·

86 1407 159 1467 νείας
171 1406 312 1480 ἐτύγχανεν
325 1409 421 1479 ἐπιβάς
432 1402 558 1468 Ἰταλίας·
569 1406 651 1460 τοῦτο
666 1404 694 1459 δὲ
708 1406 739 1460 τύ
748 1405 849 1476 χωρίον

86 1489 160 1545 ἐστίν
170 1489 335 1566 άκρωτήριον
350 1489 394 1546 καί
407 1488 445 1546 ἐπ’
463 1487 535 1563 αύτῷ
548 1491 659 1562 θερινὸς
670 1484 765 1563 ὅρμος,
782 1483 811 1552 ῦς
824 1493 850 1551 ἐξ

86 1575 191 1631 ἐκείνου
220 1578 299 1646 λιμήν
321 1571 475 1650 Ἀφροδίτης
497 1576 632 1631 καλεῖται·
662 1576 850 1650 παρέπλευσαν

86 1655 150 1732 άχρι
163 1661 303 1736 πορθμοῦ,
318 1661 363 1715 διά
372 1661 458 1734 χειρδς
471 1659 571 1729 ἔχοντες
588 1652 712 1724 Ἰταλίαν,
739 1661 797 1726 ἴχνη
812 1679 850 1712 τι-

86 1747 121 1798 νά
136 1740 190 1817 κρῖν
204 1744 311 1808 τούτοις
328 1743 532 1816 ὑπολειπόμενοι
547 1746 603 1807 τοῖς
617 1744 709 1809 τύποις
727 1747 772 1812 τῆς
786 1738 850 1813 άφί-

86 1835 162 1894 ξεως,
190 1824 259 1885 άλλά
273 1850 314 1894 τε,
329 1828 374 1885 καλ
396 1831 496 1899 φιάλην
508 1831 613 1898 χαλκῆν
631 1831 658 1883 ἐν
675 1822 760 1899 Ἤρας
779 1824 850 1899 ἱερῷ,

86 1912 182 1986 γραφῇ
196 1914 331 1982 δηλοῦσαν
345 1912 444 1989 άρχαίιμ
457 1917 507 1969 τοῦ
518 1913 708 1988 δωρησαμένου
722 1911 769 1978 τήν
782 1911 850 1966 θεὸν

86 1995 195 2052 Αἰνείου
208 1994 337 2070 τοῦνομα.

152 2078 213 2139 LII.
237 2084 382 2154 Γενύμενοι
396 2082 508 2138 δίκαιά
523 2081 656 2144 Σικελίαν,
684 2081 746 2133 εἴτε
759 2075 851 2147 γνώμη

85 2166 252 2238 χρησάμενοι
264 2167 326 2242 τῇδε
339 2167 516 2241 ὁρμίσασθαι,
531 2167 556 2221 εί
567 2186 593 2220 τε
607 2164 652 2220 καί
676 2161 728 2217 ύπδ
749 2157 851 2229 άνὲμων

88 2252 213 2323 πονηρῶν
224 2254 391 2326 βιασθέντες,
408 2245 425 2306 ά
438 2252 469 2319 δή
483 2252 555 2321 φιλεῖ
573 2248 633 2322 περὶ
646 2248 792 2302 θάλασσαν
806 2240 852 2313 γί-

88 2338 188 2391 νεσθαι
210 2336 304 2405 τήνδε,
330 2339 494 2410 κατάγονται
512 2336 558 2404 τῆς
582 2334 668 2400 νήσου
683 2323 743 2402 περὶ
756 2325 790 2379 τά
800 2343 852 2377 κα-

90 2417 208 2490 λούμενοι
228 2423 372 2498 Δρέπανα·
393 2421 464 2477 ἔνθα
484 2416 710 2492 περιτυγχάνουσι
729 2411 786 2473 τοῖς
803 2405 853 2465 σύν

90 2498 195 2578 Ἐλύμῳ
208 2506 255 2560 καλ
276 2502 614 2580 Αίγίστμπρσεξιλθοῦσιν
640 2496 728 2573 ἕντῆς
744 2489 860 2575 Τροίας,

78 2584 200 2646 07⁷va
224 2605 250 2635 re
272 2584 492 2658 καίπνεάματυς
506 2586 611 2675 οῦρίου
629 2592 797 2676 λαβύμευοι,
824 2581 876 2655 τελλ
