1890 2970
156 113 432 181 ANTIQVITATVM
448 112 581 167 ROMAN.
599 118 705 169 κυεην
767 124 816 181 243

58 216 168 299 λύτρων,
195 220 359 295 πρεσβευτάς
384 221 434 276 σὺν
454 215 546 286 αὐτοῖς
559 224 664 293 πέμψας
679 220 816 296 Ῥωμαίων

54 308 117 370 τοὺς
135 305 371 378 ἐπιφανεστάτους.
406 324 482 360 ουτοι
503 303 677 378 διεπράξαντο
697 313 816 365 καταλυ·

54 395 140 460 θῆναι
159 393 190 445 τὸ
217 390 371 463 στράτευμα
389 389 441 443 τῶν
459 390 591 453 Λατίνων,
621 391 665 446 καί
686 396 816 463 γενέσθαι

54 479 114 540 ταῖς
127 477 236 529 πόλεσιν
249 468 463 537 ίνιαυσιαίυυς’
446 473 550 540 ανοχάς.

98 553 244 615 LXXVII.
275 556 368 612 Ταίιτα
382 555 592 629 διαπραξάμενος
605 577 619 612 ο
634 578 709 634 ανηρ,
726 580 812 633 απημε

54 643 102 708 τάς
118 640 240 714 δυνάμεις
250 643 330 710 ἐκτῆς
344 639 494 717 ὑπαίθρου,
508 639 554 696 καί
565 638 628 715 πρίν
642 638 658 710 5
672 642 760 698 πάντα
766 644 812 699 τὸν

55 730 101 796 τῆς
112 726 232 790 ἐξουσίας
244 722 409 800 ἐκπληρῶσαι
418 725 525 798 χρόνον,
541 722 658 790 ὑπάτους
665 722 811 792 άποδείξας

57 807 176 866 απεθετο
190 829 237 878 την
250 830 347 883 αρχην,
374 803 435 863 οὔτ’
456 804 723 874 άποκτείναςοῦδίνα
746 807 812 865 Ρω-

56 895 154 970 μαίων,
183 888 246 950 οντ’
271 893 394 957 ἐξελάσας
419 895 464 962 τῆς
490 893 644 992 πατρίδος,
658 888 721 948 οὔτ’
747 889 813 968 άλλη

57 999 186 1082 συμφορρι
175 977 296 1053 βαρείᾳ
309 976 459 1051 περιβαλὼν
472 965 644 1051 οὔδεμιρῖ.’
612 997 689 1042 ουτος
702 999 716 1033 ο
708 977 812 1047 “ζῆλος,

56 1059 104 1118 ἄπ’
119 1064 222 1118 ἐκείνου
234 1082 283 1118 του
268 1058 394 1136 ’άνδρὸς
408 1056 611 1165 άρξρίμενος,”
592 1080 679 1116 απασι
689 1064 814 1136 παρέμει-

56 1166 84 1205 νε
97 1150 153 1210 τοῖς
166 1145 337 1219 λαμβάνουσι
359 1144 407 1210 τήν
432 1140 515 1216 αὐτὴν
527 1143 703 1211 ἐξουσίαν,
690 1141 750 1220 άχρι
769 1149 814 1215 τῆς

54 1230 146 1301 τρίτης
158 1230 210 1305 πρδ
224 1223 298 1300 ημῶν
321 1228 419 1302 γενεάς.
445 1224 541 1286 οδδίνα
558 1231 625 1302 γοῦν
638 1231 667 1284 ἐκ
679 1233 725 1298 τῆς
738 1229 814 1286 ἴστο-

57 1314 118 1389 ρίας
130 1313 338 1387 παρειλήφαμεν,
365 1306 394 1374 άς
419 1307 451 1366 οὔ
468 1314 579 1389 μετρίως
592 1308 663 1385 αὐτῇ
680 1311 726 1367 καί
739 1317 814 1367 πολι·

57 1399 135 1463 τικάις
148 1396 287 1471 ε’χρὴσατο,
315 1396 441 1458 πολλάκις
466 1393 684 1470 άναγκασθείσης
701 1399 746 1464 τῆς
759 1399 813 1451 πά-

56 1485 119 1546 λεως
137 1481 286 1536 καταλῦσαι
310 1483 356 1543 τάς
382 1479 512 1580 νομίμους
538 1477 626 1555 άρχάς,
655 1477 699 1535 καί
724 1481 813 1535 πάντα

57 1568 172 1634 ποιῆσαι
189 1568 223 1619 τά
242 1566 387 1639 πράγματα
410 1583 458 1662 υφ
454 1557 528 1620 ’ἑνί
556 1564 601 1619 καί
620 1585 642 1618 ει
653 1583 702 1632 μεν
720 1567 747 1619 ἓν
759 1584 814 1628 τοις

59 1647 178 1713 ὀθνείοις
196 1649 320 1720 πολέμοις
337 1649 424 1721 μόνον
441 1634 510 1718 ἦσαν
531 1669 557 1702 οι
547 1645 797 1720 “λαμβάνοντες
767 1669 815 1715 την

60 1734 237 1807 δικτατορίαν
250 1729 355 1806 άμαθοὶ
373 1732 524 1834 προστάτριι
543 1734 588 1801 τῆς
606 1730 741 1805 πατρίδος,
767 1752 815 1804 μη-

60 1818 104 1874 δὲν
118 1815 171 1872 ὖπδ
190 1817 239 1872 τοῦ
254 1817 390 1894 μεγέθους
413 1817 459 1885 τῆς
486 1812 567 1889 ἀρχῆς
583 1814 813 1955 διαφθειρόμενοι,

58 1889 92 1968 ἦν
105 1898 139 1958 άν
151 1919 232 1969 ηττυν
256 1899 433 1973 θαυμαστόν·
459 1920 507 1954 νυν
517 1899 545 1954 δὲ
564 1897 610 1954 καὶ
622 1903 649 1955 ν
661 1921 718 1966 ταις
731 1903 815 1973 εμφυ-

59 1987 126 2050 λίσις
146 1985 339 2052 διχοστασίαις,
371 1985 484 2046 πολλαίς
502 1983 548 2037 καί
567 1986 693 2056 μεγάλαις
711 1989 815 2057 γενομὲ-

57 2090 128 2135 ναις,
156 2066 202 2124 καί
219 2067 263 2124 ἐπὶ
282 2070 364 2124 καταλ
368 2065 423 2123 ίισει
441 2067 581 2138 βασιλειῶν
596 2089 642 2124 και
633 2067 815 2145 τυραννιδων

59 2153 287 2224 ὕποπτευομὲνων,
315 2150 361 2207 καὶ
378 2145 418 2206 ἐπ’
438 2146 524 2206 άλλων
543 2153 689 2225 συμφορῶν
708 2150 816 2205 κωλύσει

59 2238 168 2311 μυρίων,
196 2232 257 2292 ὅσοι
269 2234 427 2306 τηλικαύτης
439 2232 531 2302 ίτυχον
543 2236 676 2302 ἐξουσίας,
702 2231 816 2296 άπαντες

58 2320 256 2390 άνεπιληπτους
280 2319 326 2376 καί
351 2319 387 2393 τῷ
411 2319 505 2394 πρώτῳ
529 2320 639 2392 λαβόντι
665 2319 713 2386 τήν
733 2315 815 2392 άρχην

58 2407 169 2480 ὁμοίους
182 2403 293 2469 ἑαυτοὺς
315 2404 492 2479 παρέσχοντο·
521 2397 594 2458 ὥσθ’
615 2397 702 2458 άποιοι
722 2422 815 2477 παρα-

62 2493 156 2560 στῆναι
169 2489 218 2559 τῆν
243 2484 327 2558 αδτὴν
353 2487 438 2554 δόξαν,
467 2482 510 2542 ὅτι
522 2488 572 2557 μία
590 2486 706 2560 βοήθεια
718 2488 817 2549 παντός

58 2577 129 2631 ἐστιν
145 2572 256 2632 άνιάτου
268 2577 361 2644 κακοῦ,
388 2571 433 2628 καί
446 2571 582 2627 τελευταία
597 2572 725 2647 σωτηρίας
736 2569 814 2645 ἐλπίς,

572 2653 628 2705 02
