1890 2970
140 117 175 170 22
259 107 419 160 DIONYSII
437 104 777 159 HALICARNAssssNs1s

141 215 190 286 ,,δε“
203 213 248 270 καί
262 215 418 288 λαμβάνωσι
432 214 466 271 τά
480 211 570 269 δίκαια
582 212 628 269 καὶ
646 210 775 282 ὑπέχωσιν
793 211 821 268 οῖ
836 208 900 286 μεί·

141 302 223 368 ,,ζους
236 302 291 363 τοῖς
303 299 453 366 ἐλάττοσιν,
480 301 507 362 ἐξ
518 299 580 355 ἴσου
592 297 692 366 νόμους
709 297 836 368 θήσομαι
849 318 899 352 κω-

141 384 245 454 ,,λυτιίς
257 383 305 456 μὲν
317 387 363 452 τῆς
386 383 455 455 βίας,
470 381 592 454 φδλακας
618 379 646 435 δὲ
658 383 704 451 τῆς
718 379 899 452 δικαιοσδνης,

142 467 209 535 ,καί
221 462 304 533 οὗτὸς
315 462 412 523 οὐδένα
424 467 521 540 χρόνον
532 463 622 535 άνέησω
636 469 681 534 τῆς
691 461 816 522 ἁπάντων
830 487 898 541 προ·

141 550 305 625 ,νοοιίμενυς
319 547 484 624 Zunyoqc'ac!

204 637 240 694 X.
267 637 388 691 Τοιαῦτα
400 631 568 710 λέγοντος’
534 635 626 701 αυτοῦ,
647 632 761 698 πολὺς
747 654 854 701 εποινος
866 639 896 691 ἐκ

141 723 187 787 τῆς
199 718 338 788 ἐκκλησίας
360 720 470 791 ἐγένετο,
496 722 548 775 τῶν
559 720 616 791 μέν,
637 713 679 774 ὅτι
699 704 820 781 πιστὸς
804 739 837 786 ην
849 717 897 775 καί

142 804 245 867 δίκαιος
265 802 326 878 περὶ
345 804 407 869 τοὺς
420 799 563 908 εὐεργέτας,
583 801 778 859 ἐπαινούντων·
791 796 895 869 τῶνδ’,

141 884 184 943 ὅτι
212 887 405 992 φιλάνθρωπος
430 909 476 944 και
466 883 728 961 μεγαλόψυχος’
706 883 897 953 τιςτοδςάπό-

141 989 219 1045 ρους·
237 991 290 1027 των
304 967 344 1038 δ
363 969 397 1037 δις
407 973 512 1045 μέτριος
527 991 573 1026 και
563 969 732 1043 δημοτικὸς
750 972 817 1044 πρὸς
834 991 897 1035 τους

141 1057 356 1130 ταπεινοτέρους·
371 1056 498 1112 απαντων
509 1049 547 1122 δ
575 1075 617 1110 οτι
629 1056 741 1127 νόμιμος
753 1076 799 1110 και
789 1053 896 1112 δίκαι-

142 1159 169 1202 ος
181 1133 278 1213 άργων,
305 1136 469 1213 ἀγαπώντων
481 1160 509 1196 τι
522 1137 567 1196 καί
592 1140 812 1212 τεθαυμακότων.
839 1138 896 1195 δια·

140 1224 268 1293 λυθείσης
281 1221 352 1278 δέ”
321 1244 366 1292 της
379 1225 528 1294 ἐκκλησίας,
548 1244 608 1288 ταις
625 1219 707 1293 ἑξῆς’
692 1222 801 1297 ηαὲραις
821 1220 896 1280 άπα-

140 1308 295 1383 γράφεσθαι
308 1306 431 1372 κελεύσας
455 1308 517 1372 τυδς
537 1305 690 1382 ὑποχρέους,
718 1302 778 1363 ὅσοι
791 1307 839 1376 τὴν
852 1309 896 1364 πί·

141 1411 199 1446 στιν
212 1379 371 1448 άδδνατοι’
356 1412 425 1461 ησαν
438 1391 630 1464 φυλάττειν,’
603 1412 672 1447 τισιν
686 1387 833 1464 ὀφείλουσι,
848 1392 894 1448 καὶ

140 1475 255 1532 πόσον“
241 1496 360 1543 εκαστος,
374 1476 465 1546 ἐπειδὴ
481 1477 530 1542 τάς
543 1472 706 1580 ἀπογραφάς
723 1474 808 1548 ἔλαβε,
832 1496 894 1551 τρα-

140 1561 216 1625 πέζας
228 1560 289 1625 θείς
307 1557 373 1616 ἐν’
356 1559 454 1638 αγορᾷ,
482 1563 588 1617 πάντων
608 1560 729 1636 ὁρώντων
742 1556 892 1634 ἀπηρίθμει

141 1647 196 1709 τοῖς
215 1644 362 1710 δανεισταῖς
380 1647 414 1700 τά
426 1645 500 1718 χρέα.
518 1645 604 1699 ταῦτα
618 1643 826 1718 διαπραξάμενος
838 1648 893 1710 ἐξέ-

138 1732 224 1797 θηκεν
238 1732 266 1784 ἐν
278 1728 386 1802 φανερῷ
401 1727 535 1802 διάταγμα
547 1728 696 1801 βασιλικὸν,
716 1731 838 1802 ἐκχωρεῖν
847 1733 893 1800 τῆς

139 1812 268 1882 δημοσίας
285 1814 333 1884 γῆς
350 1813 411 1876 τοὺς
430 1813 632 1886 καρπουμένους
643 1831 672 1867 τι
684 1809 730 1868 καί
741 1808 798 1886 ἰδίη
819 1817 894 1871 κατέ·

138 1915 232 1962 γοντας
249 1890 332 1961 αάτὴν
352 1897 381 1948 ἐν
394 1892 528 1971 ὡρισμένῳ
540 1893 592 1951 τινί
603 1897 697 1971 χρόνῳ,
712 1894 757 1951 καί
770 1896 833 1961 τούς
846 1893 891 1953 οὗ·

138 1978 199 2032 δένα
213 1979 309 2052 κλῆρον
323 1974 431 2048 ἒγυντας
442 1982 493 2036 τῶν
507 1981 699 2058 πολιτῶνπρὸς
711 1982 808 2037 ἑαυτὸν
824 1977 892 2036 άπο-

137 2061 310 2133 γράφεσθαι·
324 2064 423 2137 νόμους
435 2085 463 2121 τε
476 2065 641 2139 συνέγραφεν
660 2070 689 2122 ἐκ
709 2065 762 2120 τῶν
775 2061 892 2139 άρχαίων

137 2145 183 2200 καὶ
196 2147 419 2221 παρημελημένων
439 2145 639 2222 άνανιοίιμενος,
654 2143 702 2213 οὓς
714 2144 846 2220 Ῥωμύλος
863 2169 892 2205 τε

137 2226 295 2304 εἰσηγήσατο
308 2229 353 2286 καί
367 2234 463 2308 Νομᾶς
470 2235 630 2307 Πομπίλιος,
645 2228 693 2296 οὓς
699 2232 726 2289 δέ
734 2228 892 2297 αὗιδςκαθ-

138 2317 284 2385 ιστάμενος.
311 2316 397 2373 ταῦτα
430 2316 458 2372 δέ
474 2312 558 2374 αδτοίι
591 2316 797 2390 πολιτευομένου
812 2319 891 2387 γαλε-

137 2400 190 2460 πῶς
203 2398 297 2474 έφερον
311 2397 338 2454 οἱ
357 2400 501 2474 πατρίκιοι,
521 2403 722 2476 καταλυομένην
742 2401 791 2472 τὴν
810 2400 891 2458 δυνα-

138 2483 228 2538 στείαν
240 2487 288 2554 τῆς
300 2484 399 2556 βουλῆς
412 2483 534 2558 δρῶντες,
560 2485 606 2542 καὶ
629 2486 775 2559 λογισμοδς
788 2480 837 2540 οὔκ
851 2485 891 2543 ἔτι

135 2566 197 2631 τούς
208 2562 315 2638 αυίοδς,
332 2563 537 2638 ἀλλ”ἐιυντίους
549 2573 606 2634 τοῖς
617 2571 755 2648 προτέροις
767 2571 890 2642 ἐλάμβα-
