1890 2970
158 108 431 178 ANTIQVITATVM
448 110 583 163 ROMAN.
604 113 666 162 LIB.
691 115 734 164 VI.
776 122 826 174 255

71 220 164 285 ,,σθαι
175 217 249 291 παρά
262 214 338 271 ιδνδι
350 217 396 272 τδν
409 212 513 290 άγῶνα·
526 219 716 289 ἐπισταμένους
728 212 769 274 ὅτι
783 222 827 289 τῆς

71 343 90 368 ,,
106 302 181 375 παρά
193 302 266 356 θεῶν
279 299 410 372 βοηθείας
424 299 534 376 ύπάρχει
546 303 685 374 τυγχάνειν
698 304 753 366 τοῖς
766 323 826 371 γεν-

72 385 173 452 ,,ναίως
186 381 400 458 ἀγωνιζομένοις,
425 383 472 439 καί
486 385 576 439 πάντα
601 386 634 440 τά
647 379 709 457 παρ’
729 385 827 440 ἓαυτῶν

72 465 130 536 ,,είς
145 470 174 523 τὸ
186 466 262 543 νικρῖν
280 468 411 540 πρόθυμα
425 469 617 542 παρεχομένοις,
646 465 678 525 οὗ
693 472 746 532 τοῖς
758 468 824 538 φεύ-

72 571 191 626 ,,γουσιν
216 555 243 608 ἐκ
269 552 320 606 τῶν
345 549 480 619 κινδύνων,
508 549 574 606 άλλά
588 556 643 617 τοῖς
654 554 825 625 βουλομένοις

73 635 158 711 ,ὑπὲρ
173 634 261 692 αἰτῶν
281 637 464 708 ταλαιπωρεῖν.
491 633 601 712 ὕπάρχει
619 631 645 691 δ’
667 634 729 707 ὑμῖν
741 639 825 692 πολλοὶ

72 721 141 791 ,,μέν
154 719 199 776 καί
222 713 290 775 ἄλλοι
315 719 529 791 πλεονεκτήματα
548 721 615 793 πρδς
634 721 663 775 τὸ
684 720 760 794 νικᾷν
774 719 824 776 ύπό

72 806 142 873 ,,τῆς
154 803 232 872 τύχης
257 806 499 877 παρεσκευασμένα,
526 803 587 879 τρία
603 802 630 860 δὲ
650 804 757 860 πάντων
774 806 824 876 μά·

73 889 171 954 ,,λιοτα
183 885 229 942 καί
242 887 426 961 φανερώτατα.

137 967 202 1028 Vll.
224 972 355 1047 ,,ΙΙρῶτσν
367 971 416 1044 μίν
429 975 459 1026 τά
472 967 534 1044 παρ’
548 967 665 1040 άλλήλων
677 972 780 1038 πιστὸν,
795 961 824 1026 ού

75 1055 210 1128 ,,μάλιστα
224 1055 264 1108 δεῖ
277 1058 332 1117 τοῖς
344 1056 470 1127 μίλλουσι
488 1057 539 1110 τῶν
558 1057 661 1128 ἐχθρῶν
680 1057 825 1130 κρατήσειν,

75 1135 127 1207 ,,ού
140 1140 192 1210 γάρ
218 1136 380 1212 ἀρξαμένους
404 1134 472 1209 ύμῶς
496 1138 609 1214 τήμερον
629 1135 747 1209 άλλὴλσις
761 1133 826 1195 εἶναι

75 1224 222 1295 ,,,άεβαίους
235 1222 330 1293 φίλους
344 1221 384 1277 δεῖ
396 1219 441 1276 καί
454 1223 565 1289 πιστούς
577 1225 745 1296 συμμάχους,
772 1220 821 1278 άλλ

76 1301 113 1374 „fi
127 1305 221 1379 πατρίς
234 1310 261 1362 ἐκ
274 1305 374 1361 πολλού
389 1298 475 1360 τοῦθ’
489 1301 574 1362 άπασι
587 1306 764 1382 παρεσκεύακε
778 1305 825 1362 τά·

77 1390 195 1462 ,,γαθιίν.
227 1389 272 1445 καί
297 1392 351 1464 γάρ
374 1388 504 1462 ἐτράφητε
531 1390 612 1462 ὁμοῦ,
643 1389 689 1444 καὶ
709 1388 827 1454 παιδείας

76 1471 199 1541 ,,ἐτύχετι
216 1475 319 1540 κοινῆς,
347 1471 394 1527 καί
412 1473 490 1538 θεοῖς
508 1473 552 1529 ἐπὶ
569 1475 621 1528 τῶν
635 1467 721 1528 αὐτῶν
734 1474 828 1546 βωμῶν

75 1554 228 1629 ,,ίθύσατε,
254 1577 299 1611 και
289 1554 413 1613 πολλῶν
426 1556 474 1627 μὲν
488 1554 601 1632 άγαθῶν
624 1554 828 1659 άπολελρύκαιε,

76 1641 202 1706 ,,ιιολλῶν
217 1638 244 1695 δι’
258 1641 344 1695 κακῶν
357 1639 522 1712 πεπείρασθε
534 1638 619 1714 κοινῇ,
640 1643 666 1704 ἐξ
678 1627 712 1695 ῶν
724 1637 829 1714 ίσχυροιί

75 1722 143 1795 ,,καὶ
170 1721 309 1779 ἀδιάλυτοι
335 1722 471 1795 πεφύκασι
490 1724 727 1830 συγκεράννυσθαι
746 1724 829 1779 πᾶσιν

77 1804 253 1879 ,,άνθρὼποις
277 1806 418 1880 φιλίαι·”
404 1829 493 1864 επειτα
519 1807 534 1863 ο
553 1806 613 1880 περι
633 1809 683 1862 τῶν
701 1809 829 1882 μεγίστων

73 1893 185 1959 ,,κοιωλς
209 1887 310 1947 άπασιν
337 1889 445 1967 ὑπάρχει
470 1890 552 1963 άγῶν.
579 1889 601 1945 εί
620 1894 672 1965 γάρ
685 1889 829 1966 ύπσχείριοι

72 1975 240 2050 ,,γενήσεοθι
252 1978 308 2038 τοῖς
320 1978 437 2048 ἐχθροῖς,
464 1970 525 2044 ούχί
538 1977 592 2037 τοῖς
601 1976 649 2045 μίν
660 1974 731 2048 ὑμῶν
745 1973 828 2049 ύπάρ·

71 2065 130 2134 „Eu
142 2057 255 2130 μηδενὸς
266 2061 432 2132 πειραθῆναι
445 2058 545 2123 δεινοῦ,
573 2061 627 2122 τσῖς
645 2060 672 2114 δὲ
685 2060 718 2114 τά
732 2057 828 2127 ἔσχατα

72 2145 205 2212 ,,παθεῖν,
232 2139 300 2197 άλλιί
320 2144 350 2197 τδ
370 2143 418 2213 μὲν
438 2138 539 2212 άξίωμα
564 2138 609 2196 καί
624 2143 672 2209 τὴν
685 2138 829 2216 ἡγεμονίαν

71 2225 143 2295 ,,καί
155 2226 203 2326 τήγ
221 2221 407 2326 ελευθερίριν”
388 2245 490 2281 απασιν
508 2225 605 2297 ὁμοίως
625 2223 827 2290 ἀπολωλεκέναι,

71 2309 141 2378 ,,ιιαί
161 2311 225 2381 μήτε
238 2311 386 2410 γυναικῶν,
409 2309 475 2380 μήτε
500 2308 617 2374 παίδων,
642 2308 701 2382 μήτ’
728 2305 826 2375 οὐσίας,

73 2392 145 2464 ,,μήτ
143 2387 249 2448 άλλου
274 2379 386 2459 τινὸς
367 2412 402 2449 ων
427 2389 495 2462 ίχετε
521 2390 685 2448 άπολαύσειν
703 2390 828 2468 άγαθῶν·

74 2480 153 2544 ,,τοῖς
173 2472 230 2532 δί’
215 2478 373 2550 ηγουμενοις
391 2478 436 2545 τῆς
455 2478 554 2540 πόλεως
570 2474 615 2531 καί
628 2479 661 2533 τά
675 2497 750 2534 κοινα
744 2477 827 2532 ἰδιοι

74 2561 183 2632 ,,κσίισι,
204 2563 250 2617 τάν
264 2563 395 2618 οίκτιστον
405 2563 491 2638 μόρον
506 2557 657 2619 άποθανιῖν
671 2561 720 2618 σύν
733 2559 829 2627 αἰκίαις
