1890 2970
149 105 425 172 ANTIQVITATVM
444 105 579 157 ROMAN.
602 106 665 156 LIB.
677 107 721 158 VI.
772 112 825 167 30'5

67 213 153 266 πολλά
172 210 221 282 μὲν
243 209 385 288 δράσαντες
409 214 534 282 γενναῖα,
561 211 642 267 πλείω
662 210 689 266 δέ
709 213 741 266 τά
754 212 827 268 δεινά

68 297 265 367 ὑπομείναντες,
292 292 329 358 εἷς
341 296 431 368 φυγὴν
444 299 600 369 τρέπονται·
614 292 659 350 καί
674 290 690 349 ὅ
703 316 730 349 τε
742 298 827 367 χάραξ

68 375 157 434 αὐτῶν
171 379 245 447 ἑάλω,
255 377 301 434 καὶ
313 381 387 443 πόλις
401 379 531 450 ἐπιφανής
545 377 571 434 έκ
585 379 741 452 πολιορκίας
753 402 825 450 παρ-

68 466 144 532 έστη·
175 459 314 537 Οὐέλιτραι
328 456 358 516 ‹I’
378 461 464 535 ὄνομα
478 458 555 535 αδτῇ.
576 462 673 534 ὁμοίως
696 463 722 518 δέ
736 462 781 517 καί
795 465 826 518 τό

68 546 197 620 Σαβίνων
211 549 338 622 φρόνημα
352 549 379 601 έν
393 543 472 619 ὀλίγῳ
493 549 566 602 πάνυ
579 549 747 614 ἐταπεινώθη
759 549 825 621 χρό-

68 651 118 702 νῳ,
143 632 194 703 μιᾷ
218 632 363 706 παρατάξει
387 634 414 695 ἐξ
444 629 603 705 άμφοτέρων
628 631 824 704 βουληθέντων.

68 713 157 769 ἔπειτα
169 710 188 782 ἤ
201 735 228 770 τε
244 716 318 790 χώρα
332 713 539 788 προενομεόθη,
565 713 611 771 καί
624 715 747 785 πολίχναι
759 717 826 780 τινές

69 797 197 872 ἑάλωσαν,
209 802 237 864 ἐξ
249 786 285 855 ὧν
298 800 383 855 πολλά
402 797 449 854 καί
473 799 585 870 σώματα
598 796 644 854 καί
661 798 785 873 χρήματα
798 797 826 854 οἱ

69 885 229 958 στρατιῶται
252 882 357 956 ἔλαβον.
383 879 498 938 Αἰκανοί
517 882 547 938 δέ
564 884 598 940 τά
611 885 656 953 τῆς
681 880 824 945 άοθενείας

69 965 156 1023 αὑτῶν
182 966 338 1043 ὑφορῶντες,
364 967 422 1023 ἐπεὶ
446 968 480 1022 τά
505 969 557 1022 τῶν
581 968 726 1039 συμμάχων
752 968 825 1028 τέλος

68 1050 160 1121 ἔχοντα
186 1051 324 1107 ἐπίθοντο
331 1094 339 1123 ,
362 1053 470 1124 χωρίοις
483 1044 506 1106 τ’
519 1054 621 1126 ἐχυροῖς
645 1049 825 1120 δπικάθηντο,

70 1135 116 1190 καὶ
129 1133 165 1199 τίς
177 1137 264 1207 μάχας
283 1131 316 1190 οά
341 1132 492 1207 προῄεσαν,
519 1135 567 1199 τάς
591 1130 614 1190 τ’
640 1131 826 1208 άποχωρήσεις,

70 1214 123 1294 όπῃ
136 1218 275 1286 ἐδύναντο,
286 1214 319 1274 δι’
334 1213 403 1290 δρῶν
416 1216 432 1286 ἢ
448 1217 553 1292 δρυμῶν
566 1222 693 1293 κορυφῶν
704 1222 827 1275 ἐποιοῦν-

70 1322 113 1372 το,
132 1301 178 1357 καί
203 1303 345 1375 διέτριψαν
358 1302 406 1374 μέν
418 1297 479 1374 όίχρι
504 1303 575 1366 τινός
600 1302 768 1376 διαφέροντες
780 1305 827 1359 τόν

72 1387 200 1459 πόλεμον·
234 1379 268 1440 οὗ
295 1388 414 1459 μέντοιγε
443 1385 634 1442 διασώσασθαι
659 1384 753 1442 άθῶον
780 1389 828 1455 την

72 1472 198 1544 στρατιάν
210 1470 390 1540 ἐδυνήθησαν,
407 1473 569 1542 ἐπιθεμένων
588 1466 679 1532 αὐτοῖς
697 1471 748 1524 τῶν
764 1466 827 1526 Ῥω·

71 1555 157 1624 μαίων
169 1557 197 1610 ἐν
209 1555 315 1629 χωρίοις
327 1553 489 1628 κρημνώδεσι
503 1555 645 1628 τολμηρῶς,
673 1552 719 1608 καί
731 1555 828 1626 λοβόν·

72 1658 124 1692 των
137 1639 167 1693 τό
186 1637 367 1713 στρατόπεδον
385 1639 459 1694 κατά·
474 1639 577 1712 κράτος.
605 1636 694 1692 ἔπειτα
712 1627 784 1711 φυμίη
805 1634 826 1694 τ’

71 1720 158 1777 αὐτῶν
171 1725 199 1778 ἐκ
212 1725 257 1793 τῆς
269 1722 396 1779 Λατίνων
407 1727 455 1797 γῆς
469 1724 576 1796 ἐγένετο,
605 1721 651 1777 καὶ
667 1721 828 1796 παραδόσεις

72 1808 123 1861 τῶν
136 1808 244 1873 πόλεων,
261 1800 292 1870 ἃς
304 1805 399 1876 ἔτυχον
412 1805 499 1862 αὑτῶν
519 1804 552 1879 τῇ
565 1805 656 1880 πρώτῃ
673 1804 762 1878 ἐφόδῳ
774 1827 828 1861 κα-

71 1891 257 1962 ταλαβόμενοι.
284 1888 335 1946 εἰσί
350 1886 377 1946 δ’
404 1877 439 1946 ὧν
464 1888 524 1957 καὶ,
550 1891 579 1945 ἐκ
603 1889 766 1960 φιλονεικίας
778 1885 827 1948 οόκ

72 1975 229 2030 ἐκλιπόντων
243 1976 290 2039 τάς
301 1969 396 2050 άκρὶις,
421 1972 537 2038 ἁλώσεις.

198 2125 370 2176 Βοτπεοτίοαε
386 2122 481 2174 turbae
502 2121 699 2173 recrudescunt.

132 2224 239 2284 XLIII.
265 2223 407 2300 Θόαλίριος
430 2226 458 2282 δέ
485 2227 555 2282 κατά
580 2228 645 2282 νοῖιν
661 2227 828 2302 χωρήσαντος

71 2307 146 2386 αῧτῷ
156 2312 205 2366 τοῦ
219 2313 346 2384 πολέμου,
370 2312 418 2367 τόν
433 2309 548 2368 εἰωθότα
563 2311 705 2385 θρίαμβον
717 2307 772 2365 άπό
786 2314 830 2379 τῆς

72 2399 145 2466 νίκης
158 2394 326 2471 καταγαγών,
341 2393 453 2452 άπέλυοε
467 2396 514 2451 τόν
527 2395 612 2468 δῆμον
624 2391 679 2450 άπό
693 2399 737 2460 τῆς
749 2415 829 2468 στρα-

73 2483 152 2548 τείας,
178 2475 255 2536 οὔπω
267 2483 314 2550 τῆς
325 2482 423 2553 βουλῆς
450 2481 546 2552 καιρόν
570 2472 638 2534 εἶναι
665 2477 826 2551 νομιζούσης,

73 2564 118 2621 ’ίνα
130 2565 167 2634 μὴ
180 2565 228 2628 τάς
242 2561 394 2635 δποσηέοεις
413 2563 553 2621 άπαιτοῖεν
573 2561 600 2621 οἱ
613 2559 727 2639 δίπυροι·
753 2561 788 2630 τίς
801 2561 828 2618 δέ

108 2646 222 2696 ὓτοεινε.
237 2646 269 2695 T.
279 2648 313 2697 Il.
641 2645 670 2693 u
