1890 2970
141 125 195 184 2ae
259 117 419 170 nlomsu
436 113 792 168 nAucAnuAssssusss

145 229 202 282 λον.
229 221 263 290 ὥς
276 223 305 280 δι’
317 218 392 280 ταῦτ’
410 217 531 291 ἤκουσαν
543 219 571 277 ολ
582 222 704 288 πένητες,
733 215 837 278 αύτίιια
849 241 905 278 συν·

143 309 261 385 ε’γνωσάν
279 330 315 374 τε,
339 305 385 364 καί
409 308 495 381 πολλῇ
519 305 665 381 προθυμίᾳ
686 305 790 371 πάντες
808 303 848 374 είς
864 310 904 363 τόν

143 396 261 467 πόλεμον
285 388 415 466 ὥρμηντο,
442 391 470 449 οἶ
493 392 542 463 μέν
554 384 685 462 ὦφελειεῗιν
702 391 812 447 ἐλπίσιν
831 394 904 463 ἐπαρ-

145 481 248 544 θέντες,
275 476 303 532 οἱ
315 478 343 534 δέ
356 478 405 532 τοῦ
417 475 602 549 στρατηλάτου
612 475 718 547 χάριτι,
748 473 777 531 οἶ
798 474 829 531 δὲ
842 478 903 532 nm·

145 583 206 619 οτοι
224 563 270 616 τόν
282 556 395 618 Ἄππιον
419 559 465 616 καί
489 559 553 624 τούς
575 561 605 615 ἐν
631 558 666 634 τῇ
682 561 763 614 πόλει
775 561 849 616 κατά
860 561 903 616 τόν

146 644 346 714 ὑπομεινάντων
364 644 601 719 προπηλακισμούς
624 642 782 716 φεύγοντες.
818 664 903 719 παρα-

146 726 236 801 λαβὼν
255 727 285 784 δι’
310 728 495 803 όΣερουΐλιος
514 729 545 782 τό
559 728 727 800 στράτευμα,
755 727 810 784 σύν
824 725 902 803 πολλῇ

146 811 254 885 σπουδῇ
264 811 375 879 ἐλαύνει,
401 811 529 868 διαλιπὼν
541 807 639 868 ούδένα
649 813 761 885 χρόνον,
781 811 830 870 ἵνα
843 833 901 886 συμ-

144 897 205 970 μίξῃ
218 899 275 960 τοῖς
287 897 434 966 πολεμίοις,
461 894 526 971 πρίν
538 893 573 960 είς
586 895 634 963 τὴν
656 891 798 967 Ῥωμαίων
819 896 900 974 χώραν

145 974 244 1042 αύτούς
254 979 405 1050 εἰσβαλεῖν·
431 980 477 1036 καί
501 978 660 1051 καταλαβὼν
673 979 735 1052 περὶ
749 980 781 1036 τό
795 989 901 1054 Πωμον·

145 1067 218 1119 τῖνον
228 1067 328 1137 χωρίον
340 1064 628 1137 ἐστρατοπεδευκότας,
655 1060 702 1117 καί
716 1064 767 1132 τὴν
779 1068 901 1122 Λατίνων

141 1147 230 1220 χώραν
251 1147 482 1220 προνομεύοντας,
517 1145 559 1204 ότι
583 1149 793 1221 παρακαλοῦσιν
816 1145 900 1213 αύτούς

144 1225 176 1285 ού
202 1227 352 1305 συνήραντο
371 1235 421 1287 τοῦ
446 1234 577 1302 πολέμου,
604 1230 667 1303 περί
692 1231 784 1302 δείλην
812 1230 898 1307 όφίαν,

142 1313 216 1386 παρά
234 1317 320 1384 λόφον
346 1317 414 1382 τινά,
437 1313 471 1379 ὥς
489 1318 572 1372 είκοσι
585 1314 682 1371 στάδια
696 1317 744 1383 τῆς
758 1337 899 1390 στρατοπε·

143 1395 214 1463 δείας
232 1394 320 1457 αύτῶν
334 1396 481 1472 άφεστῶτα,
509 1400 616 1457 τίθεται
641 1400 689 1455 τόν
705 1402 835 1473 χάρακα·
859 1399 901 1458 καί

143 1476 340 1549 αῧτοῖςνυκτδς
356 1486 524 1541 ἐπιτίθενται
546 1478 727 1555 Οόολούσκοι,
754 1483 865 1558 όλίγους
876 1504 900 1540 τε

144 1566 368 1631 καταδοξάσαντες
380 1562 456 1635 εἶναι,
482 1566 534 1634 καί,
562 1566 594 1632 όνς
607 1571 634 1632 ἐξ
646 1566 713 1622 όδού
727 1569 846 1644 μακρᾶς,
859 1591 900 1625 κο·

143 1653 290 1718 τακόπους,
317 1654 475 1725 προθυμίας
488 1646 514 1707 τ’
527 1651 619 1715 ἐνδεῶς
632 1649 753 1720 ἔχοντας,
780 1653 829 1709 διά
841 1654 897 1716 τούς

142 1737 169 1788 ἐκ
183 1738 234 1791 τῶν
246 1737 365 1804 πενήτων
378 1733 438 1810 περί
452 1739 484 1792 τά
495 1736 559 1809 χρία
572 1737 771 1811 νεωτερισμούς,
785 1741 815 1794 ἐν
829 1734 896 1810 άκμῇ

141 1819 254 1888 μάλιστα
280 1819 426 1884 δοκοῦντας
450 1814 527 1874 εἶναι.
564 1818 580 1874 ό
605 1819 634 1874 δὲ
662 1819 838 1895 Σερουίλιος,
863 1819 895 1876 ἔτι

142 1905 234 1966 νυκτός
248 1898 303 1957 άπό
318 1905 367 1958 τού
375 1904 494 1976 χάρακος
506 1899 709 1976 ἀγωνισάμενος,
738 1905 834 1976 ἐπειδὴ
847 1907 895 1976 φύς

141 1979 169 2036 τ’
188 1980 240 2054 ἤδη
257 1988 373 2055 ἐγένετο,
398 1986 445 2042 καί
457 1987 520 2050 τούς
545 1986 689 2059 πολεμίους
713 1985 823 2060 ἔμαθεν
836 1987 894 2044 άτά·

140 2086 205 2131 κτως
218 2069 439 2142 προνομεύοντας,
464 2068 568 2132 άνοίξαι
594 2070 717 2134 κελεύσας
740 2071 859 2140 πυλίδας
869 2076 894 2128 ἐκ

139 2153 189 2206 τού
198 2153 315 2222 χάρακος
328 2151 430 2223 άδὴλως
442 2156 545 2224 συχνάς,
573 2149 621 2225 άφ’
636 2155 694 2220 ἑνός
707 2161 894 2231 παραγγέλμα·

139 2255 183 2299 τος
195 2239 290 2306 ἐφῆκεν
303 2234 348 2293 ἐπ’
357 2234 455 2302 αύτούς
466 2240 497 2294 τό
511 2241 667 2314 στράτευμα.
693 2241 857 2300 ἐξαπιναίου
870 2240 894 2296 δι’

139 2321 187 2374 τού
199 2319 338 2377 δεινούκαλ
351 2324 425 2397 παρά
433 2321 511 2387 δόξαν
524 2326 581 2387 τοῖς
590 2318 895 2400 Ούολούσκοιςπροσπε·

137 2404 236 2471 σόντος,
264 2402 351 2480 όλίμοι
375 2409 423 2478 μέν
436 2426 504 2470 τινες
527 2405 686 2470 ύπσστάντνς
699 2409 768 2480 πρός
791 2410 832 2483 τῷ
846 2411 896 2481 χά·

136 2505 195 2555 ρακι
207 2490 353 2561 μαχόμενοι
365 2492 566 2560 κατεκόπησαν·
593 2488 620 2546 οἶ
634 2486 663 2546 δ’
682 2485 759 2548 άλλοι
773 2493 896 2569 φεύγον·

136 2589 175 2639 τες
189 2573 398 2653 προτροπάδην,
420 2574 469 2631 καλ
479 2573 594 2637 πολλούς
603 2577 654 2628 τῶν
667 2577 802 2645 σφετέρων
819 2576 894 2637 όπυ·
