1890 2970
165 107 585 176 Αωτεφιττιτιωιιοωια.
605 112 722 160 ποτε.
773 117 823 170 379

63 214 183 282 τόπεδον,
193 217 262 287 μέγα
273 212 317 270 ἐπὶ
330 214 362 289 τῇ
374 217 436 288 νίκη
448 214 620 288 φρονοῦντες,
649 215 694 271 καί
708 218 819 284 πολλοδς

62 301 111 368 μέν
124 296 284 373 ἀνῃρηκότες
297 301 347 354 τῶν
358 296 501 361 Ἀντιατῶν,
517 299 633 364 πολλοὺς
645 293 673 353 δ’
687 297 818 372 αἷχμαλώ·

64 404 124 446 τους
143 379 262 456 ἄγοντες.

127 464 231 525 XCIV.
257 468 296 543 Τῇ
315 462 344 522 δ’
363 470 419 538 ἑξῆς
437 459 521 541 ήμέρρι
545 469 708 540 συγκαλέσας
728 468 743 523 ὁ
760 478 803 525 Πσ

63 549 238 624 στοδμιοςείς
257 550 397 620 ἐκκλησίαν
423 554 469 607 τδν
495 551 623 624 στρατὸν,
648 550 758 608 ἔπαινον
771 574 823 609 τοι

61 637 194 708 Μαρκίου
208 637 328 705 διεξῆλθε
342 637 434 702 πολὺν,
449 635 495 691 καί
508 637 649 707 στεφάνοις
660 632 742 693 αὐτὸν
757 634 820 710 εἰρι-

61 720 148 784 στείας
161 717 300 790 ιιῖνέδησεν,
321 718 479 795 ιῖμφοτέρων
495 722 656 795 χαριστήρια
673 723 724 777 τῶν
746 719 820 794 ἄγοι»

59 823 113 860 νων
128 802 283 868 ἀποδιδοὺς.
298 805 448 880 ἐδωρήσατο
469 798 496 859 δ’
521 799 604 859 αὐτὸν
623 803 696 880 ἵππῳ
709 807 817 876 πολεμι-

61 887 120 962 στῇ,
137 892 324 964 στρατηγικοῖς
342 889 481 962 ἐπισήμοις
500 890 698 963 κεκοσμημένῳ,
718 888 764 945 καί
777 888 817 946 δέ·

60 994 94 1028 κα
109 971 229 1047 σώμασιν
241 970 424 1047 αἰχμαλώτοις,
451 966 492 1028 ἐπ’
518 972 607 1045 ἐκείνῳ
630 973 745 1042 ποιήσας
771 968 819 1037 οδς

61 1055 187 1128 βοδλοιτο
198 1059 298 1130 λαβείν,
328 1055 446 1132 ἀργυρίῳ
459 1050 487 1112 δ’
501 1051 567 1112 ὅσον
580 1053 614 1112 &ir
627 1060 818 1132 ἐξενέγκασθαι

62 1139 171 1196 δίναιτο
186 1136 275 1208 αὗτδς,
291 1140 336 1196 καί
351 1139 405 1196 ιῖπδ
420 1144 464 1210 τῆς
475 1135 554 1210 σίλλης
567 1140 638 1205 λείας
648 1145 759 1204 πολλαῖς
771 1141 818 1196 καὶ

62 1227 156 1288 καλαῖς
171 1221 383 1298 ιίπαργαῒς.βοής
398 1224 426 1279 δέ
438 1225 578 1298 γενομένης
591 1229 619 1288 ἐξ
630 1223 754 1282 ἁπάντων
765 1247 817 1297 με-

59 1309 148 1380 γάλης,
157 1304 230 1372 ὧςίίν
244 1310 426 1364 έπαινυὺντων
440 1307 524 1363 τεκαὶ
537 1306 728 1381 συνηδομένων,
743 1332 816 1384 παρ-

61 1390 181 1448 ελθών*
166 1393 337 1467 οΜιίριιιος,
360 1413 395 1466 τῳ
406 1413 434 1448 τε
448 1390 541 1464 δποίτῳ
557 1391 636 1496 χάριν
654 1391 752 1449 εἰδέναι
770 1414 813 1465 με·

63 1473 173 1575 ηιλλην”
157 1497 225 1580 εφη,
233 1476 277 1532 καί
290 1479 346 1540 τοῖς
358 1447 479 1539 σίλλοις“
460 1495 575 1541 απασιν,
590 1472 633 1530 ἐπὶ
646 1479 704 1540 ταῖς
717 1480 812 1547 τιμαῖς,

62 1581 96 1614 ων
109 1555 193 1616 αὑτὸν
210 1558 317 1632 ἠξίουν·
343 1556 375 1616 στί
387 1562 479 1632 μέντοι
499 1555 753 1663 κριταγρήσεσθαίγ
766 1559 813 1615 αὕ-

63 1664 125 1714 ταις,
136 1641 362 1750 ιιίρκεσθήσεσθαι
376 1642 458 1699 δὲ
423 1666 458 1717 τῳ
470 1664 498 1698 τε
510 1643 590 1717 ίππῳ,
604 1646 649 1713 τῆς
661 1645 814 1719 λαμπρότη-

60 1749 104 1792 τος
115 1729 166 1783 τῶν
180 1729 293 1802 σημείων
306 1725 402 1794 ἕνεκεν,
418 1750 463 1784 και
454 1726 513 1784 ἑνί
531 1721 724 1805 αἰχμαλώιρι,”
709 1749 739 1793 ος
750 1728 813 1784 έτυ-

56 1831 102 1881 χεν
115 1807 188 1886 αὐτῷ
199 1814 270 1879 ξένος
283 1807 326 1867 ι’ίν.
354 1810 380 1869 σί
399 1812 427 1868 δέ
447 1815 605 1888 στρατιῶται
626 1810 670 1868 καί
682 1814 813 1887 πρότερον

59 1894 189 1969 ιίγιίμενοι
208 1899 254 1952 τὸν
267 1892 354 1970 ίίνδρα
373 1900 418 1968 τής
435 1898 628 1970 γενναιότητος,
656 1895 694 1952 έτι
710 1898 812 1969 μᾶλλον

58 1979 220 2051 ἐθαύμασαν
244 1983 289 2051 τῆς
315 1979 465 2057 ὑπεροψίας
481 1981 529 2037 τοίἰ
555 1978 684 2054 πλούτου,
711 1976 813 2036 ναίδτι

57 2065 168 2139 ιιιτρίως
186 2059 277 2140 ήνεγκε
295 2067 343 2136 τήν
361 2063 487 2134 τοιαδτην
505 2061 636 2135 εὐτυχίαν.
667 2069 694 2119 ἐκ
712 2065 813 2120 τούτου

58 2152 225 2224 Κοριολάνος
237 2150 372 2220 ἐπεκλήθη
387 2150 433 2204 τοῦ
446 2148 533 2224 έργσυ,
547 2147 591 2204 καί
604 2148 710 2205 πάντων
724 2151 812 2222 ἐγεγό-

58 2253 97 2287 νει
109 2235 162 2288 τῶν
175 2235 244 2288 κατιὶ
257 2235 304 2304 τήν
317 2229 401 2302 αδτήν
419 2229 522 2302 ήλικίαν
533 2235 750 2304 ἐπιφανέστατος.
765 2235 811 2300 τής

60 2315 88 2371 δὲ
100 2319 167 2392 πρὸς
186 2317 248 2383 τυδς
272 2313 405 2383 Ἀντιάτας
428 2318 513 2390 μιίχης
531 2319 612 2373 τοῦτο
632 2315 767 2390 λαβοδσης
780 2320 810 2372 τὸ

57 2403 138 2468 τέλος,
161 2399 191 2456 αἱ
202 2400 295 2457 λοιπαί
307 2403 359 2457 τῶν
373 2397 549 2458 Οὐολούσκων
567 2402 654 2466 πόλεις
677 2400 810 2457 διελύοντο

56 2485 104 2552 τήν
117 2486 184 2558 πρὸς
196 2486 258 2551 τούς
268 2481 414 2559 Ῥωμαίους
426 2484 536 2560 ἔχθραν,
551 2483 597 2540 καί
611 2481 670 2541 ὅσοι
683 2487 717 2541 τοί
730 2481 811 2559 ὅμοια
878 2518 881 2524 ·

56 2570 165 2633 ἐκείνοις
184 2573 330 2645 ἐφρόνουν·
356 2569 386 2627 οἵ
402 2565 431 2624 τ’
451 2574 479 2627 ἐν
492 2574 549 2635 τοῖς
563 2564 656 2634 ὅπλοις
669 2564 719 2641 ήδη
733 2567 811 2636 ὄντες,
