1890 2970
114 168 151 225 54
239 160 398 215 οιοιιιιειι
414 160 761 215 ειεπισλιιιιιεειειιειε

114 257 150 324 αδ
161 269 235 341 φυτά
247 267 296 339 μέν
309 273 381 326 ἐστιν
393 268 472 339 ἱκανὴ
482 272 599 326 παντοῖα
612 271 786 342 θρέψασθαι,
801 267 876 326 σπεί·

113 358 213 428 ρεσθαι
227 350 257 407 δ’
271 353 304 418 ῶς
318 354 447 429 δενδρῖτις
453 352 647 429 ὀλιγόκαρπος·
661 350 724 410 οὐδ’
740 350 876 429 δι’μφωμὲν

113 441 200 495 ταῦτα
214 442 336 510 παρέχειν
350 439 474 512 δαψιλὴς,
487 438 711 514 προβατεύεσθαι
730 435 760 495 δ’
786 439 876 496 άνεπι·

113 525 234 592 τήδιιος·
247 519 313 578 οὔδ’
327 519 362 579 άν
376 546 415 588 τις
428 520 512 592 αὗτην
523 525 591 596 φαίη
599 524 828 599 πολύιαρπονμὲν
839 518 875 581 τί·

112 631 157 665 ναι
170 608 216 664 καί
229 607 393 680 πολύβοτον,
407 609 566 681 ἐνδιαίτημα
580 604 601 662 δ’
617 607 777 682 ἀνθρώποις
790 609 876 684 ὑπάρ-

111 689 268 768 γεινάγαρι·
282 688 338 748 ἄλλ’
354 692 410 749 ἔστι
423 694 517 763 πάσης,
533 690 663 758 ὦςεῖπεῖν,
679 689 778 764 ἡδονῆς
788 715 814 750 τε
829 695 875 750 ναί

112 776 238 849 ὠφελείας
253 777 374 849 ἔμπλεως.
395 780 475 841 ποίας
486 780 536 851 μὲν
553 780 607 853 γάρ
628 780 745 834 λείπεται
765 781 875 851 σιτσφά·

112 883 170 936 ρου,
185 866 223 934 μὴ
237 866 378 935 ποταμοῖς,
395 860 462 918 άλλά
475 866 531 928 τοῖς
550 858 688 938 οὐρανίοις
705 861 804 921 λλδασιν
824 862 877 938 άρ-

114 949 214 1019 δάμενα
228 949 261 1001 τά
275 947 427 1020 καλούμενα
444 950 606 1018 Καμπανῶν
620 948 698 1003 πεδία
703 976 715 1015 ,·
732 952 760 1004 ίν
773 941 814 1013 οἷς
826 947 877 1022 ἐγὼ

113 1031 160 1087 καί
172 1033 498 1106 τρικάρπουςέθεασάμην
508 1029 634 1105 ιίροάρας,
641 1034 754 1108 θερινὸν
768 1030 813 1089 ἐπὶ
822 1053 878 1103 χει-

114 1118 218 1190 μερινῷ,
235 1117 280 1172 καί
297 1119 482 1190 μετοπωρινὸν
496 1116 541 1172 ἐπὶ
554 1116 654 1191 θερινῷ
674 1118 779 1192 σπόρον
791 1121 877 1192 ἐκτρι·

114 1203 238 1272 φράσας,
253 1202 334 1266 ποίας
349 1198 376 1257 δ’
396 1205 561 1276 ἐλαιοφόρου
586 1203 619 1256 τά
639 1202 804 1269 Μεσαπίων,
832 1203 877 1260 καί

115 1288 248 1350 Δαυνίων,
264 1286 310 1342 καί
324 1286 459 1358 Σαβίνων,
475 1285 520 1341 καί
534 1288 636 1342 πολλῶν
650 1280 735 1341 ἄλλων
745 1287 861 1362 γεώργια
869 1331 877 1359 ,

116 1371 197 1433 ποίας
211 1365 240 1425 δ’
256 1367 413 1442 οἰνοφύτου,
432 1365 745 1446 Τυρρηνίαναὶλλλβανὴ,
761 1370 808 1427 καί
822 1380 877 1428 ‘Dav

117 1456 224 1529 λιρίυων
247 1456 333 1528 χωρία
357 1458 531 1527 ’θαυμαστῶς
556 1453 591 1518 ῶς
621 1456 790 1529 φιλάμπελα.
832 1455 879 1512 καί

117 1536 150 1593 δι’
185 1541 327 1611 ἐλαχίστου
357 1543 444 1596 πόνου
476 1540 616 1603 πλείστους
641 1536 699 1612 άμα
732 1540 779 1596 καί
809 1560 879 1614 κρα-

118 1626 224 1689 τίστους
243 1626 363 1701 ναρποδς
378 1627 517 1698 ἐξενεγκεῖν
536 1620 639 1697 εὔπορα
646 1653 658 1692 ,·
679 1624 759 1699 χωρίς
782 1624 810 1679 δὲ
835 1627 882 1692 τῆς

118 1710 234 1781 ἐνεργοῦ,
269 1709 371 1776 πολλὴν
397 1710 446 1779 μὲν
464 1704 499 1764 ἄν
518 1730 557 1772 τις
584 1705 660 1784 εὕροι
679 1708 728 1777 τήν
753 1706 789 1772 εἷς
814 1708 880 1763 ποί-

118 1812 182 1856 ανας
214 1790 353 1864 ἀνειμένην
386 1787 457 1865 αὗιῆ
488 1793 589 1862 πολλὴν
621 1792 650 1849 δὲ
686 1794 734 1861 τὴν
772 1789 882 1867 αἷγονά·

118 1894 185 1948 μον·
199 1874 238 1930 ε’τι
253 1875 282 1930 δε
308 1878 388 1931 πλείω
414 1877 460 1932 ναι
485 1878 714 1952 θαυμασιωτέραν
732 1879 781 1947 τήν
795 1876 881 1934 ἶππσ

118 1961 226 2033 φορβάν
239 1980 266 2016 τε
279 1982 326 2016 ναι
316 1958 545 2031 βουκολίδα·
530 1984 547 2032 η
561 1964 614 2036 γάρ
627 1959 709 2026 ελειος
731 1982 777 2018 ιιαι
767 1960 883 2035 λειμω·

117 2045 164 2099 νία
176 2045 282 2150 βοτάνη
296 2033 465 2151 δμμνιλής
430 2065 509 2112 συσα,
526 2049 577 2100 τῶν
595 2067 622 2101 τε
640 2042 798 2120 ὄργάδων“
782 2069 799 2117 η
819 2046 882 2123 δρο-

119 2130 183 2232 ρεριί
194 2127 241 2183 ναί
253 2129 427 2203 κατάρῤυτος,
441 2124 796 2236 άπειροςηδερουςνὲμττρι,
810 2152 882 2206 παρ-

117 2214 169 2282 ἕχει
195 2213 240 2268 διά
252 2215 352 2277 παντὸς
366 2211 535 2284 εὗθηνοάσας
548 2215 594 2278 τάς
614 2213 717 2288 άγελας.
729 2216 839 2271 πάντων
857 2211 881 2270 δ

118 2294 185 2353 εἰσίν
199 2319 226 2352 οι
216 2296 338 2372 εδρυμοὶ
349 2299 585 2404 θαυμασιώτατοι,
591 2299 662 2403 περί
672 2320 701 2354 τε
713 2300 748 2355 τά
761 2299 882 2375 κρημνῶ-

120 2381 152 2445 δη
165 2384 249 2459 χωρία
263 2382 310 2438 ναί
322 2385 368 2448 τάς
382 2385 477 2450 νάπας,
492 2382 539 2439 ναί
552 2383 615 2446 τούς
627 2381 815 2458 ἀγεωργήτους
836 2385 880 2441 λά<

119 2485 203 2533 φους,
231 2455 290 2529 ἐξ
271 2487 306 2522 ων
319 2470 418 2538 πολλης
435 2468 484 2540 μὲν
497 2463 646 2544 ιδπορσυσι
659 2467 706 2523 καί
719 2470 802 2538 ιιαλῆς
815 2487 881 2526 ναυ-

103 2548 277 2616 quolstov
308 2553 399 2608 πολλ’
380 2574 413 2624 ης
431 2552 507 2611 δε
474 2575 521 2625 της
534 2549 574 2620 είς
600 2556 650 2619 τάς
664 2547 750 2616 άλλως
762 2554 896 2626 λρηασλας

80 2617 212 2688 ειῖθετου.
230 2631 281 2690 καί
295 2637 408 2698 τσάτων
427 2637 602 2703 ουθίνουτε
616 2637 812 2716 δυσπάριστδν
824 2636 916 2697 ἐστιν.
