1890 2970
180 103 456 170 ANTIQVITATVM
473 101 607 154 ROMAN.
626 104 689 154 LIB.
706 107 737 156 V.
785 114 835 166 205

76 212 180 283 γεσθαι
192 212 248 272 τοῖς
261 208 346 275 ένδον,
360 211 425 282 μήτε
439 203 517 274 ὅπλα,
531 203 592 280 μήτ’
605 203 686 277 άλλην
698 211 833 283 βοήθειαν

75 293 219 366 μηδεμίαν.
237 292 381 363 Φιδηναῖοι
392 293 440 365 μέν
453 292 484 359 δὴ
499 292 622 366 τειχήρεις
632 295 762 364 ἐγένοντο,
789 298 835 352 καὶ

76 379 144 452 πρὸς
168 377 215 442 τάς
226 378 351 433 Λατίνων
369 376 562 452 ἐπρεσβεύοντο
581 378 683 441 πόλεις,
712 377 834 450 δεόμενοι

74 463 183 530 ταχείας
194 465 351 532 συμμαχίας.
378 460 404 517 οἱ
430 461 458 516 δέ
472 462 658 535 προεστηκότες
683 462 735 517 τῶν
747 465 833 518 Λατί-

73 565 137 610 νων,
153 542 255 620 άγοράν
268 547 443 616 ποιησάμενοι
468 546 519 599 τῶν
533 545 640 611 πόλεων,
672 548 832 620 Ταρκυνίοις

73 625 99 684 τ’
112 617 198 701 αὖθις
208 626 353 695 ἀποδόντες
370 630 457 703 λόγον,
485 627 530 683 καί
544 630 601 690 τοῖς
625 630 699 702 παρά
713 631 764 685 τῶν
777 651 832 685 πο-

73 715 270 786 λιορκουμένων
289 709 413 780 ἥκουσιν,
438 712 553 768 ἐκάλουν
565 712 627 774 τούς
640 712 783 787 συνέδροις
796 710 833 778 εἷς

73 795 215 868 άπάφοισιν
226 798 337 871 γνώμης,
353 796 413 854 τίνα
426 796 474 870 χρὴ
488 799 610 866 πολεμεῖν
617 792 757 869 Ῥωμαίοις
770 800 831 873 τρό-

72 903 137 951 πον,
156 878 211 936 άπὸ
225 884 275 937 τῶν
289 883 480 955 πρεσβυτάτων
493 901 521 935 τι
545 879 591 935 καί
616 882 830 954 ἐπιφανεστάτων

72 963 222 1034 άρξάμενοι.
231 968 332 1022 πολλῶν
346 966 374 1022 δέ
384 966 523 1042 ῥηθέντων
535 965 628 1038 λόγων,
654 964 769 1041 καὶπερὶ
781 961 830 1021 αύ-

72 1053 124 1106 τσύ
137 1051 186 1105 τού
200 1051 318 1125 πολέμου
330 1051 442 1126 πρῶτον,
457 1046 480 1104 εἰ
493 1047 547 1104 δέοι
560 1044 643 1104 αὐτὸν
656 1052 827 1125 ἐπικυρῶσαι,

74 1131 164 1206 οἱμὲν
180 1135 402 1209 ταραχωδέστεροι
427 1135 477 1188 τῶν
490 1131 623 1207 συνέδρων
644 1136 691 1190 τὸν
715 1135 829 1206 βασιλέα

70 1219 198 1293 κατάγειν
211 1218 256 1273 ἐπὶ
268 1219 316 1286 τήν
329 1214 412 1294 α’ρχην
424 1214 525 1286 ἠξίουν,
540 1216 584 1271 καί
595 1216 749 1286 Φιδηναίοις
762 1221 828 1292 βοη-

71 1305 137 1358 θεῖν
150 1297 302 1375 παρῄνουν·
322 1305 350 1357 έν
362 1299 512 1374 ἡγεμονίαις
524 1302 685 1372 βουλόμενοι
695 1304 825 1375 γενέσθαι

71 1389 274 1458 στρατιωτικαῖς
288 1384 383 1458 κύριοι,
411 1385 456 1439 καί
479 1388 642 1458 πραγμάτων
660 1388 827 1459 ἐφάψασθαι

72 1470 208 1542 μεγάλων·
234 1473 349 1542 μάλιστα
365 1464 391 1524 δ’
406 1468 432 1526 οἱ
446 1468 601 1532 δυναστείας
614 1467 659 1524 καί
672 1471 827 1544 τυραννίδος

70 1560 100 1610 ἐν
115 1557 173 1618 ταῖς
186 1555 285 1609 ἑαυτῶν
298 1556 421 1628 πατρίσιν
435 1556 549 1629 ἐρῶντες,
575 1547 608 1620 ἢν
621 1555 826 1610 κατασκευάσειν

70 1633 165 1701 αύτοῖς
182 1638 346 1712 Ταρκυνίους
368 1638 510 1696 ἐπείθοντο
537 1632 727 1708 τηνῬωμαίων
742 1634 826 1713 άρχην

70 1720 314 1792 ἀνακτησαμένους.
328 1721 355 1777 οἱ
369 1716 396 1776 δ’
411 1716 592 1796 εὖπορῶταιοί
617 1741 645 1775 τε
658 1719 704 1776 καὶ
716 1725 824 1778 ίιτιεικέ·

68 1827 164 1864 στατοι
175 1810 263 1880 μένειν
276 1811 304 1862 έν
317 1809 375 1868 ταῖς
400 1805 528 1869 σπονδαῖς
552 1801 643 1874 ἠξίουν
655 1807 700 1870 τάς
726 1807 822 1873 πόλεις,

67 1890 164 1962 καλμή
190 1892 332 1966 προχείρως
355 1888 400 1945 ε’πί
412 1892 445 1945 τά
468 1885 539 1945 ὅπλα
561 1892 670 1964 χωρεῖν·
695 1886 739 1944 καί
755 1877 823 1956 ἦσαν

68 1961 146 2030 ούτοι
159 1977 194 2047 τῷ
209 1973 507 2044 πλὴθειπιθανῶτατοι.
519 1972 698 2046 ἐξωθούμενοι
712 1973 743 2042 δη
758 1977 824 2048 πρὸς

67 2061 120 2114 τῶν
135 2059 336 2130 παραινούντων
362 2061 410 2128 τήν
434 2056 539 2133 εἰρήνην
557 2054 633 2130 άγειν
646 2057 673 2112 οἱ
687 2060 732 2112 τὸν
746 2060 823 2113 πάλε·

67 2162 120 2214 μον
133 2143 341 2211 ἐπισπεύδοντες,
354 2145 434 2200 τοῦτο’
440 2164 470 2216 γε
482 2143 611 2196 πείθουσι
624 2142 671 2208 τήν
682 2143 823 2208 ἐκκλησίαν

68 2230 180 2296 ποιῆσαι
193 2229 364 2293 τελευτῶντες,
391 2226 555 2304 πρεσβευτάς
581 2221 615 2288 εἷς
635 2223 739 2293 Ῥώμην
753 2223 821 2281 άπο-

69 2313 171 2367 στεῖλαι
184 2311 246 2374 τούς
262 2332 289 2366 τε
315 2312 547 2386 παρακαλέσοντας
573 2303 629 2380 άμα
642 2307 687 2363 καὶ
700 2309 822 2380 συμβου.

68 2395 211 2459 λεύσοντας
236 2397 269 2469 τῇ
282 2397 356 2450 πόλει
370 2394 495 2464 δέχεσθαι
511 2392 676 2470 Ταρκυνίους
691 2389 748 2447 ’καί
759 2394 822 2456 τούς

67 2476 166 2546 άλλους
178 2478 303 2554 φυγάδας
315 2473 356 2534 ἐπ’
376 2475 452 2552 άδείᾳ
472 2478 517 2534 καί
531 2474 676 2551 άμνηοτίᾳ,
703 2471 821 2551 καὶπερὶ

67 2564 170 2622 τούτων
183 2560 260 2642 ὅρκια
274 2565 399 2631 τεκόντος
417 2563 450 2638 τῇ
463 2561 565 2640 πατρίῳ
591 2563 754 2636 κοσμεῖσθαι
767 2583 817 2618 πο-
