1890 2970
133 102 184 158 150
250 94 410 147 DIONYSII
426 91 774 149 HALICARNASSENSIS

132 195 193 258 οὔτε
208 197 224 273 ἦ
239 204 290 258 τῶν
303 201 425 277 κηρύκων
446 197 593 273 ἀνάκλησις
618 205 662 272 τῆς
689 196 823 277 εὐγενείας
847 201 898 259 τῶν

131 288 280 362 πατρικίων
293 287 442 361 τεκμήριον,
472 306 536 342 ουτε
547 309 564 356 η
578 289 624 356 τῆς
637 287 755 389 βυκάνης
766 287 843 359 φωνὴ
853 308 899 389 της

133 368 313 476 άγνωσίας
279 393 330 427 των
342 372 492 443 δημοτικῶν
505 371 658 444 σίμβολον
680 365 738 427 άλλ
752 371 881 442 ἐκείνη
849 392 898 446 μεν

132 460 215 529 τιμῆς,
244 453 311 526 αὕτη
339 455 368 512 δὲ
387 456 491 525 τάχους.
525 451 558 513 οὔ
570 477 624 530 γαρ
637 443 750 511 οιδντ
732 477 766 527 ην
778 458 807 513 ίν
820 452 900 531 ολιγω

129 544 258 614 χρόνῳ
229 562 277 612 την
292 542 400 611 πληθὺν
414 541 503 596 καλεῖν
513 544 540 604 ἐξ
553 537 693 613 δνδματος.

195 625 247 682 ΙΧ.
267 621 358 681 ’οδε“
356 624 482 694 Ρωμὺλος
495 624 585 693 ἔπειδη
600 626 711 700 διέκρινε
728 646 791 691 τους
807 627 895 700 κρείτ·

131 730 193 776 τους
206 706 262 765 άιτδ
277 713 328 764 τῶν
341 705 466 778 ἡττόνων,
487 712 644 784 ἐνομοθέτει
663 711 730 783 μετά
750 710 832 766 τοῦτο
851 708 897 766 καί

133 796 265 851 διέταττεν
280 790 298 850 ά
311 796 361 867 χρὴ
375 796 500 866 πράττειν
514 795 669 869 ἑκατέρους·
695 794 759 858 τοὺς
782 793 832 867 μέν
850 790 897 850 εὔ-

133 880 263 953 πατρίδας
278 877 410 952 ἱερᾶσθαί
422 900 449 934 τε
464 879 508 935 καί
523 875 622 952 ἄρχειν,
650 878 696 936 καί
710 878 834 946 δικάζειν,
855 878 900 935 καί

133 959 197 1035 μεθ’
211 965 309 1020 ἑαυτοῦ
324 965 358 1018 τά
370 965 448 1018 κοινά
462 965 595 1037 πράττειν,
615 962 660 1020 cn>
673 965 726 1020 τῶν
737 965 808 1019 κατά
821 965 901 1021 πόλιν

134 1048 372 1123 έργωνμένοντας’
398 1047 460 1112 τούς
488 1049 516 1103 δέ
537 1048 705 1120 δημοτικοὺς,
730 1045 836 1105 τοίτων
852 1049 901 1120 μέν

135 1131 322 1190 άπολελδσθαι
349 1135 400 1188 τῶν
426 1134 598 1208 πραγμάτων,
625 1131 752 1207 άπείρους
770 1153 798 1188 τε
812 1128 901 1189 αὐτῶν

135 1213 223 1282 ὄντας,
238 1217 284 1273 καί
298 1212 333 1272 δι’
348 1214 468 1291 άαορίαν
471 1218 616 1291 χρημάτων
623 1213 899 1294 άσχδλους·γεωργελτ

136 1302 163 1358 δέ
177 1301 223 1358 καὶ
241 1305 443 1376 κτηνοτροφεῖν,
470 1301 515 1358 καί
526 1305 573 1366 τάς
582 1301 801 1376 χρηματοποιοὺς
813 1304 899 1378 ἐργά-

135 1390 231 1454 ζεσθαι
243 1388 342 1455 τέχνας,
357 1384 403 1441 ἵνα
418 1386 455 1457 μὴ
474 1387 661 1455 στασιάζωσιν,
688 1381 776 1460 ὥσπερ
793 1389 821 1443 ίν
840 1390 900 1447 ταῖι

136 1467 228 1536 ἅλλοις
241 1473 356 1535 πόλεσιν,
371 1467 387 1538 ἢ
402 1472 453 1526 τῶν
467 1475 495 1527 έν
509 1473 572 1528 τέλει
579 1473 831 1545 προπηλακιζόντων
837 1472 900 1536 τούς

137 1557 284 1623 ταπεινοὺς,
301 1554 317 1625 ἢ
333 1557 382 1609 τῶν
397 1554 508 1626 φαίλων
528 1554 574 1612 καί
598 1553 707 1633 άπδρων
728 1557 783 1619 τοῖς
802 1559 830 1612 έν
843 1558 900 1622 ταῖς

138 1640 281 1716 ὑπεροχαῖς
293 1638 483 1711 φθονούντων,
524 1640 760 1715 παρακαταθήκας
780 1638 808 1695 δέ
822 1639 901 1696 έδωκε

137 1730 192 1791 τοῖς
204 1727 356 1800 πατρικίοις
369 1725 431 1789 τοὺς
446 1724 644 1794 δημοτικοίς,’
634 1727 777 1800 επιτρέψας
797 1725 900 1797 ἑκάστῳ

137 1814 187 1866 τῶν
201 1814 229 1866 ἐκ
242 1810 291 1865 τοῦ
307 1804 461 1878 πληθους“
445 1830 477 1865 ον
490 1805 572 1875 αὖτδς
584 1808 718 1883 έβοάλετο,
737 1810 822 1910 νέμειν
832 1818 901 1886 προ·

136 1896 249 1998 υτάτην·
273 1893 338 1958 ἔθος
359 1889 513 1998 Ἑλληνικὸν
532 1894 577 1951 καί
593 1892 714 1970 άρχαιον,
736 1881 901 1969 ᾧθετταλσί

136 2001 164 2035 τε
176 1981 252 2053 μέχρι
266 1980 365 2036 πολλοῦ
376 1979 507 2083 γρώμενοε
522 1978 669 2036 διετέλεσαν
694 1976 742 2034 καί
758 1973 901 2081 Ἀθηναῖρι

138 2066 278 2138 καταργάς,
294 2063 339 2119 έπί
352 2065 385 2118 τά
398 2063 505 2139 κρείττω
518 2063 616 2137 λαβών.
650 2065 747 2120 ἐκείνοι
771 2062 821 2136 μέν
845 2062 901 2138 γάρ
934 2078 938 2088 ·

138 2148 317 2221 ὑπεροπτικῶς
330 2150 441 2221 ἐχρῶντο
455 2151 511 2213 τοῖς
522 2149 655 2216 πελάταις,
671 2147 735 2223 έργά
747 2167 774 2203 τε
786 2147 900 2205 έπιτάτ-

136 2253 225 2297 τοντες
245 2229 277 2289 οὗ
297 2233 471 2307 προσήκοντα
495 2233 655 2308 ἐλευθέροις,
682 2231 729 2288 καί
753 2230 837 2289 δπδτε
861 2234 901 2305 μη

137 2319 264 2393 πράξειάν
290 2338 316 2371 τι
342 2319 392 2373 τῶν
418 2318 602 2389 κελευομένων,
623 2316 902 2391 πληγάςίντείνοντες,

136 2401 182 2458 καί
195 2397 277 2458 τάλλα
292 2396 377 2475 ὥσπερ
393 2398 593 2478 ἀργυρωνήτοις
615 2401 753 2477 χρώμενοι.
785 2401 901 2457 ἐκάλουν

137 2486 165 2540 δὲ
180 2481 319 2555 Ἀθηναῖοι
331 2486 380 2557 μέν
396 2487 483 2555 Θῆτας
497 2487 559 2549 τούς
570 2488 693 2553 πελάτας,
707 2483 752 2543 ίπί
774 2489 822 2556 τῆς
846 2488 900 2542 λα-

131 2571 236 2642 τρειίις’
253 2569 385 2629 θεττοίοί
407 2569 606 2642 δὲ,ί1ενεύτας,
625 2567 796 2639 ὀνειδίζοντες
805 2564 903 2635 adua<
