<?xml version="1.0" encoding="UTF-8"?>
<!DOCTYPE html PUBLIC "-//W3C//DTD XHTML 1.0 Transitional//EN"
    "http://www.w3.org/TR/xhtml1/DTD/xhtml1-transitional.dtd">
<html xmlns="http://www.w3.org/1999/xhtml" xml:lang="en" lang="en">
 <head>
  <title>
</title>
<meta http-equiv="Content-Type" content="text/html;charset=utf-8" />
  <meta name='ocr-system' content='tesseract 3.04.00' />
  <meta name='ocr-capabilities' content='ocr_page ocr_carea ocr_par ocr_line ocrx_word'/>
</head>
<body>
  <div class='ocr_page' id='page_1' title='image "./operaomnia00diongoog_0150.png"; bbox 0 0 1890 2970; ppageno 0'>
   <div class='ocr_carea' id='block_1_1' title="bbox 114 128 758 209">
    <p class='ocr_par' dir='ltr' id='par_1_1' title="bbox 114 128 758 209">
     <span class='ocr_line' id='line_1_1' title="bbox 114 128 758 209; baseline 0.005 -28"><span class='ocrx_word' id='word_1_1' title='bbox 114 138 164 196; x_wconf 79' lang='lat'><strong><em>108</em></strong></span> <span class='ocrx_word' id='word_1_2' title='bbox 233 132 392 209; x_wconf 78' lang='grc' dir='ltr'><strong><em>οιοσνειι</em></strong></span> <span class='ocrx_word' id='word_1_3' title='bbox 410 128 758 185; x_wconf 72' lang='grc' dir='ltr'><strong><em>ΗσιισΑοτιΑεέΕιιειε</em></strong></span> 
     </span>
    </p>
   </div>
   <div class='ocr_carea' id='block_1_2' title="bbox 110 229 876 2523">
    <p class='ocr_par' dir='ltr' id='par_1_2' title="bbox 112 229 872 400">
     <span class='ocr_line' id='line_1_2' title="bbox 113 229 872 316; baseline -0.004 -20"><span class='ocrx_word' id='word_1_4' title='bbox 113 239 232 316; x_wconf 80' lang='grc' dir='ltr'><strong><em>περίμέν</em></strong></span> <span class='ocrx_word' id='word_1_5' title='bbox 247 229 297 296; x_wconf 80' lang='grc' dir='ltr'><strong><em>οδν</em></strong></span> <span class='ocrx_word' id='word_1_6' title='bbox 310 241 362 297; x_wconf 80' lang='grc' dir='ltr'><strong><em>τῶν</em></strong></span> <span class='ocrx_word' id='word_1_7' title='bbox 376 240 499 297; x_wconf 80' lang='grc' dir='ltr'><strong><em>παλαιάν</em></strong></span> <span class='ocrx_word' id='word_1_8' title='bbox 520 240 629 296; x_wconf 77' lang='grc' dir='ltr'><strong><em>κτίσεων</em></strong></span> <span class='ocrx_word' id='word_1_9' title='bbox 648 237 729 298; x_wconf 76' lang='grc' dir='ltr'><strong><em>ἱκανά</em></strong></span> <span class='ocrx_word' id='word_1_10' title='bbox 757 233 872 315; x_wconf 77' lang='grc' dir='ltr'><strong><em>ἧγοίιμαι</em></strong></span> 
     </span>
     <span class='ocr_line' id='line_1_3' title="bbox 112 326 349 400; baseline 0.013 -21"><span class='ocrx_word' id='word_1_11' title='bbox 112 327 146 381; x_wconf 89' lang='grc' dir='ltr'><strong><em>τά</em></strong></span> <span class='ocrx_word' id='word_1_12' title='bbox 159 326 349 400; x_wconf 76' lang='grc' dir='ltr'><strong><em>προειρημένα.</em></strong></span> 
     </span>
    </p>

    <p class='ocr_par' dir='ltr' id='par_1_3' title="bbox 110 404 876 2523">
     <span class='ocr_line' id='line_1_4' title="bbox 173 404 873 485; baseline -0.001 -18"><span class='ocrx_word' id='word_1_13' title='bbox 173 405 306 469; x_wconf 86' lang='lat' dir='ltr'>LXXIV.</span> <span class='ocrx_word' id='word_1_14' title='bbox 332 411 388 467; x_wconf 86' lang='grc' dir='ltr'><strong><em>Τόν</em></strong></span> <span class='ocrx_word' id='word_1_15' title='bbox 407 409 436 465; x_wconf 87' lang='grc' dir='ltr'><strong><em>δέ</em></strong></span> <span class='ocrx_word' id='word_1_16' title='bbox 452 411 604 468; x_wconf 82' lang='grc' dir='ltr'><strong><em>τελευταῖον</em></strong></span> <span class='ocrx_word' id='word_1_17' title='bbox 624 413 671 481; x_wconf 76' lang='grc' dir='ltr'><strong><em>τῆς</em></strong></span> <span class='ocrx_word' id='word_1_18' title='bbox 680 404 782 483; x_wconf 81' lang='grc' dir='ltr'><strong><em>Ῥώμης</em></strong></span> <span class='ocrx_word' id='word_1_19' title='bbox 801 410 873 485; x_wconf 83' lang='grc' dir='ltr'><strong><em>γενό·</em></strong></span> 
     </span>
     <span class='ocr_line' id='line_1_5' title="bbox 110 489 875 570; baseline -0.007 -18"><span class='ocrx_word' id='word_1_20' title='bbox 110 515 192 568; x_wconf 86' lang='grc' dir='ltr'><strong><em>μενον</em></strong></span> <span class='ocrx_word' id='word_1_21' title='bbox 205 492 342 570; x_wconf 80' lang='grc' dir='ltr'><strong><em>οἰκισμόν,</em></strong></span> <span class='ocrx_word' id='word_1_22' title='bbox 364 493 381 565; x_wconf 75' lang='grc' dir='ltr'>ἢ</span> <span class='ocrx_word' id='word_1_23' title='bbox 396 496 499 563; x_wconf 78' lang='grc' dir='ltr'><strong><em>κτίσιν,</em></strong></span> <span class='ocrx_word' id='word_1_24' title='bbox 514 491 531 564; x_wconf 75' lang='grc' dir='ltr'><em>ἢ</em></span> <span class='ocrx_word' id='word_1_25' title='bbox 545 489 588 550; x_wconf 78' lang='grc' dir='ltr'><strong><em>ὅτι</em></strong></span> <span class='ocrx_word' id='word_1_26' title='bbox 602 495 701 564; x_wconf 83' lang='grc' dir='ltr'><strong><em>όήποτε</em></strong></span> <span class='ocrx_word' id='word_1_27' title='bbox 711 495 762 570; x_wconf 73' lang='grc' dir='ltr'><strong><em>χρὴ</em></strong></span> <span class='ocrx_word' id='word_1_28' title='bbox 776 498 875 563; x_wconf 86' lang='grc' dir='ltr'><strong><em>καλεῖν,</em></strong></span> 
     </span>
     <span class='ocr_line' id='line_1_6' title="bbox 116 574 873 655; baseline 0.001 -20"><span class='ocrx_word' id='word_1_29' title='bbox 116 581 228 655; x_wconf 84' lang='grc' dir='ltr'><strong><em>Τίμαιος</em></strong></span> <span class='ocrx_word' id='word_1_30' title='bbox 240 580 316 655; x_wconf 86' lang='grc' dir='ltr'><strong><em>μένό</em></strong></span> <span class='ocrx_word' id='word_1_31' title='bbox 331 581 488 650; x_wconf 77' lang='grc' dir='ltr'><strong><em>Σικελιώτης</em></strong></span> <span class='ocrx_word' id='word_1_32' title='bbox 501 576 552 636; x_wconf 80' lang='grc' dir='ltr'><strong><em>οὔκ</em></strong></span> <span class='ocrx_word' id='word_1_33' title='bbox 567 574 619 636; x_wconf 77' lang='grc' dir='ltr'><strong><em>οἶδ’</em></strong></span> <span class='ocrx_word' id='word_1_34' title='bbox 634 579 686 654; x_wconf 84' lang='grc' dir='ltr'><strong><em>ὅτῳ</em></strong></span> <span class='ocrx_word' id='word_1_35' title='bbox 700 581 795 636; x_wconf 78' lang='grc' dir='ltr'><strong><em>κανόνι</em></strong></span> <span class='ocrx_word' id='word_1_36' title='bbox 810 602 873 654; x_wconf 81' lang='grc' dir='ltr'><strong><em>χρη·</em></strong></span> 
     </span>
     <span class='ocr_line' id='line_1_7' title="bbox 112 661 874 740; baseline -0.003 -19"><span class='ocrx_word' id='word_1_37' title='bbox 112 666 233 738; x_wconf 87' lang='grc' dir='ltr'><strong><em>σάμενος,</em></strong></span> <span class='ocrx_word' id='word_1_38' title='bbox 249 661 306 740; x_wconf 86' lang='grc' dir='ltr'><strong><em>άμα</em></strong></span> <span class='ocrx_word' id='word_1_39' title='bbox 319 664 477 740; x_wconf 70' lang='grc' dir='ltr'><strong><em>Καρχηδόνι</em></strong></span> <span class='ocrx_word' id='word_1_40' title='bbox 489 667 626 740; x_wconf 78' lang='grc' dir='ltr'><strong><em>κτιζομένῃ</em></strong></span> <span class='ocrx_word' id='word_1_41' title='bbox 639 667 769 739; x_wconf 88' lang='grc' dir='ltr'><strong><em>γενέσθαι</em></strong></span> <span class='ocrx_word' id='word_1_42' title='bbox 782 665 874 736; x_wconf 80' lang='grc' dir='ltr'><strong><em>φησὶν,</em></strong></span> 
     </span>
     <span class='ocr_line' id='line_1_8' title="bbox 112 746 874 827; baseline 0 -23"><span class='ocrx_word' id='word_1_43' title='bbox 112 746 200 825; x_wconf 78' lang='grc' dir='ltr'><strong><em>ὀγδόῳ</em></strong></span> <span class='ocrx_word' id='word_1_44' title='bbox 214 749 259 806; x_wconf 81' lang='grc' dir='ltr'><strong><em>καί</em></strong></span> <span class='ocrx_word' id='word_1_45' title='bbox 273 750 421 827; x_wconf 64' lang='grc' dir='ltr'><strong><em>τριακοστῷ</em></strong></span> <span class='ocrx_word' id='word_1_46' title='bbox 426 753 557 826; x_wconf 88' lang='grc' dir='ltr'><strong><em>πρότερον</em></strong></span> <span class='ocrx_word' id='word_1_47' title='bbox 565 749 615 807; x_wconf 80' lang='grc' dir='ltr'><strong><em>ἔτει</em></strong></span> <span class='ocrx_word' id='word_1_48' title='bbox 623 753 669 821; x_wconf 83' lang='grc' dir='ltr'><strong><em>τῆς</em></strong></span> <span class='ocrx_word' id='word_1_49' title='bbox 675 751 779 826; x_wconf 83' lang='grc' dir='ltr'><strong><em>πρώτης</em></strong></span> <span class='ocrx_word' id='word_1_50' title='bbox 794 748 874 824; x_wconf 80' lang='grc' dir='ltr'><strong><em>ὄλυμ·</em></strong></span> 
     </span>
     <span class='ocr_line' id='line_1_9' title="bbox 111 832 876 912; baseline 0 -21"><span class='ocrx_word' id='word_1_51' title='bbox 111 834 217 900; x_wconf 77' lang='grc' dir='ltr'><strong><em>πιάδος.</em></strong></span> <span class='ocrx_word' id='word_1_52' title='bbox 243 834 361 900; x_wconf 82' lang='grc' dir='ltr'><strong><em>Λεάκιος</em></strong></span> <span class='ocrx_word' id='word_1_53' title='bbox 374 835 402 892; x_wconf 88' lang='grc' dir='ltr'><strong><em>όέ</em></strong></span> <span class='ocrx_word' id='word_1_54' title='bbox 416 836 538 909; x_wconf 79' lang='grc' dir='ltr'><strong><em>Κίγκιος,</em></strong></span> <span class='ocrx_word' id='word_1_55' title='bbox 555 832 625 912; x_wconf 77' lang='grc' dir='ltr'><strong><em>άνὴρ</em></strong></span> <span class='ocrx_word' id='word_1_56' title='bbox 637 836 688 892; x_wconf 83' lang='grc' dir='ltr'><strong><em>τῶν</em></strong></span> <span class='ocrx_word' id='word_1_57' title='bbox 701 839 729 890; x_wconf 79' lang='grc' dir='ltr'><strong><em>ἐκ</em></strong></span> <span class='ocrx_word' id='word_1_58' title='bbox 745 837 794 891; x_wconf 76' lang='grc' dir='ltr'><strong><em>τοῦ</em></strong></span> <span class='ocrx_word' id='word_1_59' title='bbox 808 836 876 908; x_wconf 83' lang='grc' dir='ltr'><strong><em>βσυ·</em></strong></span> 
     </span>
     <span class='ocr_line' id='line_1_10' title="bbox 112 919 876 995; baseline 0 -20"><span class='ocrx_word' id='word_1_60' title='bbox 112 920 235 976; x_wconf 73' lang='grc' dir='ltr'><strong><em>λεκτικοῦ</em></strong></span> <span class='ocrx_word' id='word_1_61' title='bbox 248 919 399 994; x_wconf 77' lang='grc' dir='ltr'><strong><em>συνεδρίου,</em></strong></span> <span class='ocrx_word' id='word_1_62' title='bbox 415 919 476 994; x_wconf 82' lang='grc' dir='ltr'><strong><em>περὶ</em></strong></span> <span class='ocrx_word' id='word_1_63' title='bbox 489 921 519 976; x_wconf 93' lang='grc' dir='ltr'><strong><em>τό</em></strong></span> <span class='ocrx_word' id='word_1_64' title='bbox 541 920 665 995; x_wconf 82' lang='grc' dir='ltr'><strong><em>τέταρτον</em></strong></span> <span class='ocrx_word' id='word_1_65' title='bbox 684 921 743 986; x_wconf 76' lang='grc' dir='ltr'><strong><em>ἔτος</em></strong></span> <span class='ocrx_word' id='word_1_66' title='bbox 762 923 808 991; x_wconf 80' lang='grc' dir='ltr'><strong><em>τῆς</em></strong></span> <span class='ocrx_word' id='word_1_67' title='bbox 822 922 876 978; x_wconf 84' lang='grc' dir='ltr'><strong><em>δω-</em></strong></span> 
     </span>
     <span class='ocr_line' id='line_1_11' title="bbox 113 1001 875 1080; baseline 0.001 -21"><span class='ocrx_word' id='word_1_68' title='bbox 113 1004 224 1075; x_wconf 77' lang='grc' dir='ltr'><strong><em>δεκάτης</em></strong></span> <span class='ocrx_word' id='word_1_69' title='bbox 237 1001 413 1080; x_wconf 75' lang='grc' dir='ltr'><strong><em>ὀλυμπιάδος.</em></strong></span> <span class='ocrx_word' id='word_1_70' title='bbox 457 1006 557 1061; x_wconf 81' lang='grc' dir='ltr'><strong><em>Κάτων</em></strong></span> <span class='ocrx_word' id='word_1_71' title='bbox 572 1004 600 1059; x_wconf 88' lang='grc' dir='ltr'><strong><em>δέ</em></strong></span> <span class='ocrx_word' id='word_1_72' title='bbox 620 1006 742 1078; x_wconf 88' lang='grc' dir='ltr'><strong><em>Πόρκιος</em></strong></span> <span class='ocrx_word' id='word_1_73' title='bbox 758 1001 875 1078; x_wconf 78' lang='grc' dir='ltr'><strong><em>Ἕλληνι-</em></strong></span> 
     </span>
     <span class='ocr_line' id='line_1_12' title="bbox 112 1086 876 1166; baseline 0.003 -22"><span class='ocrx_word' id='word_1_74' title='bbox 112 1090 160 1144; x_wconf 90' lang='grc' dir='ltr'><strong><em>κόν</em></strong></span> <span class='ocrx_word' id='word_1_75' title='bbox 170 1092 219 1165; x_wconf 87' lang='grc' dir='ltr'><strong><em>μέν</em></strong></span> <span class='ocrx_word' id='word_1_76' title='bbox 232 1086 281 1161; x_wconf 76' lang='grc' dir='ltr'><strong><em>οὗγ</em></strong></span> <span class='ocrx_word' id='word_1_77' title='bbox 295 1090 373 1166; x_wconf 84' lang='grc' dir='ltr'><strong><em>ὁρίζει</em></strong></span> <span class='ocrx_word' id='word_1_78' title='bbox 383 1090 500 1162; x_wconf 77' lang='grc' dir='ltr'><strong><em>χρόνον·</em></strong></span> <span class='ocrx_word' id='word_1_79' title='bbox 513 1091 635 1162; x_wconf 74' lang='grc' dir='ltr'><strong><em>ἐπιμελής</em></strong></span> <span class='ocrx_word' id='word_1_80' title='bbox 649 1090 677 1146; x_wconf 85' lang='grc' dir='ltr'><strong><em>δέ</em></strong></span> <span class='ocrx_word' id='word_1_81' title='bbox 688 1092 839 1164; x_wconf 80' lang='grc' dir='ltr'><strong><em>γενόμενος,</em></strong></span> <span class='ocrx_word' id='word_1_82' title='bbox 854 1089 876 1146; x_wconf 88' lang='grc' dir='ltr'><strong><em>εί</em></strong></span> 
     </span>
     <span class='ocr_line' id='line_1_13' title="bbox 113 1171 876 1282; baseline 0 -52"><span class='ocrx_word' id='word_1_83' title='bbox 113 1175 160 1230; x_wconf 88' lang='grc' dir='ltr'><strong><em>καί</em></strong></span> <span class='ocrx_word' id='word_1_84' title='bbox 172 1196 210 1240; x_wconf 88' lang='grc' dir='ltr'><strong><em>τις</em></strong></span> <span class='ocrx_word' id='word_1_85' title='bbox 221 1171 307 1242; x_wconf 88' lang='grc' dir='ltr'><strong><em>άλλος,</em></strong></span> <span class='ocrx_word' id='word_1_86' title='bbox 323 1174 359 1240; x_wconf 85' lang='grc' dir='ltr'><strong><em>είς</em></strong></span> <span class='ocrx_word' id='word_1_87' title='bbox 371 1177 420 1244; x_wconf 71' lang='grc' dir='ltr'><strong><em>τὴν</em></strong></span> <span class='ocrx_word' id='word_1_88' title='bbox 434 1175 594 1282; x_wconf 70' lang='grc' dir='ltr'><strong><em>συναγωγιὶν</em></strong></span> <span class='ocrx_word' id='word_1_89' title='bbox 616 1179 662 1244; x_wconf 79' lang='grc' dir='ltr'><strong><em>τῆς</em></strong></span> <span class='ocrx_word' id='word_1_90' title='bbox 681 1172 876 1250; x_wconf 80' lang='grc' dir='ltr'><strong><em>άργαιολογου-</em></strong></span> 
     </span>
     <span class='ocr_line' id='line_1_14' title="bbox 114 1256 875 1337; baseline -0.004 -20"><span class='ocrx_word' id='word_1_91' title='bbox 114 1262 192 1332; x_wconf 85' lang='grc' dir='ltr'><strong><em>μένης</em></strong></span> <span class='ocrx_word' id='word_1_92' title='bbox 205 1257 334 1337; x_wconf 77' lang='grc' dir='ltr'><strong><em>ἱστορίας,</em></strong></span> <span class='ocrx_word' id='word_1_93' title='bbox 347 1259 430 1317; x_wconf 83' lang='grc' dir='ltr'><strong><em>έτεοιν</em></strong></span> <span class='ocrx_word' id='word_1_94' title='bbox 443 1256 591 1332; x_wconf 74' lang='grc' dir='ltr'><strong><em>ἀποφαίνει</em></strong></span> <span class='ocrx_word' id='word_1_95' title='bbox 606 1257 667 1317; x_wconf 86' lang='grc' dir='ltr'><strong><em>δυσί</em></strong></span> <span class='ocrx_word' id='word_1_96' title='bbox 686 1259 733 1314; x_wconf 82' lang='grc' dir='ltr'><strong><em>καί</em></strong></span> <span class='ocrx_word' id='word_1_97' title='bbox 752 1263 875 1332; x_wconf 85' lang='grc' dir='ltr'><strong><em>τρισίκον</em></strong></span> 
     </span>
     <span class='ocr_line' id='line_1_15' title="bbox 114 1339 876 1445; baseline -0.001 -44"><span class='ocrx_word' id='word_1_98' title='bbox 114 1365 146 1401; x_wconf 89' lang='grc' dir='ltr'><strong><em>τα</em></strong></span> <span class='ocrx_word' id='word_1_99' title='bbox 160 1343 206 1401; x_wconf 84' lang='grc' dir='ltr'><strong><em>καί</em></strong></span> <span class='ocrx_word' id='word_1_100' title='bbox 219 1346 405 1445; x_wconf 82' lang='grc' dir='ltr'><strong><em>τετρακοσίοις</em></strong></span> <span class='ocrx_word' id='word_1_101' title='bbox 423 1344 589 1419; x_wconf 79' lang='grc' dir='ltr'><strong><em>ὕστερουσαν</em></strong></span> <span class='ocrx_word' id='word_1_102' title='bbox 608 1347 658 1399; x_wconf 84' lang='grc' dir='ltr'><strong><em>τῶν</em></strong></span> <span class='ocrx_word' id='word_1_103' title='bbox 670 1339 797 1400; x_wconf 83' lang='grc' dir='ltr'><strong><em>Ἰλιακῶν.</em></strong></span> <span class='ocrx_word' id='word_1_104' title='bbox 818 1343 876 1400; x_wconf 83' lang='grc' dir='ltr'><strong><em>οδε</em></strong></span> 
     </span>
     <span class='ocr_line' id='line_1_16' title="bbox 110 1417 876 1505; baseline 0 -21"><span class='ocrx_word' id='word_1_105' title='bbox 110 1417 254 1503; x_wconf 83' lang='grc' dir='ltr'><strong><em>χρόνος</em></strong></span> <span class='ocrx_word' id='word_1_106' title='bbox 221 1451 302 1496; x_wconf 83' lang='grc' dir='ltr'><strong><em>ουτος</em></strong></span> <span class='ocrx_word' id='word_1_107' title='bbox 315 1427 511 1505; x_wconf 84' lang='grc' dir='ltr'><strong><em>άναμετρηθείς</em></strong></span> <span class='ocrx_word' id='word_1_108' title='bbox 525 1432 583 1492; x_wconf 88' lang='grc' dir='ltr'><strong><em>ταῖς</em></strong></span> <span class='ocrx_word' id='word_1_109' title='bbox 590 1424 802 1502; x_wconf 81' lang='grc' dir='ltr'><strong><em>Ερατοσθένους</em></strong></span> <span class='ocrx_word' id='word_1_110' title='bbox 813 1451 876 1502; x_wconf 80' lang='grc' dir='ltr'><strong><em>γρο-</em></strong></span> 
     </span>
     <span class='ocr_line' id='line_1_17' title="bbox 114 1513 876 1590; baseline -0.001 -20"><span class='ocrx_word' id='word_1_111' title='bbox 114 1517 282 1590; x_wconf 86' lang='grc' dir='ltr'><strong><em>νογραφίαις,</em></strong></span> <span class='ocrx_word' id='word_1_112' title='bbox 299 1535 366 1571; x_wconf 83' lang='grc' dir='ltr'><strong><em>κατα</em></strong></span> <span class='ocrx_word' id='word_1_113' title='bbox 360 1516 410 1569; x_wconf 88' lang='grc' dir='ltr'><strong><em>τό</em></strong></span> <span class='ocrx_word' id='word_1_114' title='bbox 425 1516 530 1588; x_wconf 82' lang='grc' dir='ltr'><strong><em>πρῶτον</em></strong></span> <span class='ocrx_word' id='word_1_115' title='bbox 549 1513 606 1577; x_wconf 71' lang='grc' dir='ltr'><strong><em>ἔτος</em></strong></span> <span class='ocrx_word' id='word_1_116' title='bbox 625 1516 717 1570; x_wconf 85' lang='grc' dir='ltr'><strong><em>πίπτει</em></strong></span> <span class='ocrx_word' id='word_1_117' title='bbox 729 1517 776 1584; x_wconf 78' lang='grc' dir='ltr'><strong><em>τῆς</em></strong></span> <span class='ocrx_word' id='word_1_118' title='bbox 794 1514 876 1588; x_wconf 81' lang='grc' dir='ltr'><strong><em>ίβδό-</em></strong></span> 
     </span>
     <span class='ocr_line' id='line_1_18' title="bbox 112 1591 876 1673; baseline -0.003 -17"><span class='ocrx_word' id='word_1_119' title='bbox 112 1621 164 1670; x_wconf 89' lang='grc' dir='ltr'><strong><em>μης</em></strong></span> <span class='ocrx_word' id='word_1_120' title='bbox 177 1593 386 1672; x_wconf 76' lang='grc' dir='ltr'><strong><em>ὀλυμπιάδος.</em></strong></span> <span class='ocrx_word' id='word_1_121' title='bbox 369 1618 412 1653; x_wconf 87' lang='grc' dir='ltr'><strong><em>οτι</em></strong></span> <span class='ocrx_word' id='word_1_122' title='bbox 433 1595 500 1655; x_wconf 85' lang='grc' dir='ltr'><strong><em>δι”</em></strong></span> <span class='ocrx_word' id='word_1_123' title='bbox 478 1619 545 1654; x_wconf 86' lang='grc' dir='ltr'><strong><em>εισιν</em></strong></span> <span class='ocrx_word' id='word_1_124' title='bbox 560 1620 586 1654; x_wconf 94' lang='grc' dir='ltr'><strong><em>σι</em></strong></span> <span class='ocrx_word' id='word_1_125' title='bbox 577 1597 745 1664; x_wconf 45' lang='grc' dir='ltr'><strong><em>Ηκανόνες</em></strong></span> <span class='ocrx_word' id='word_1_126' title='bbox 735 1603 816 1673; x_wconf 84' lang='grc' dir='ltr'><strong><em>υγιιίς</em></strong></span> <span class='ocrx_word' id='word_1_127' title='bbox 838 1591 876 1662; x_wconf 86' lang='grc' dir='ltr'><strong><em>οἷς</em></strong></span> 
     </span>
     <span class='ocr_line' id='line_1_19' title="bbox 111 1679 875 1758; baseline -0.007 -17"><span class='ocrx_word' id='word_1_128' title='bbox 111 1679 309 1758; x_wconf 73' lang='grc' dir='ltr'><strong><em>Ἐρατοσθένης</em></strong></span> <span class='ocrx_word' id='word_1_129' title='bbox 327 1685 465 1756; x_wconf 79' lang='grc' dir='ltr'><strong><em>κέχρηται,</em></strong></span> <span class='ocrx_word' id='word_1_130' title='bbox 489 1682 534 1738; x_wconf 80' lang='grc' dir='ltr'><strong><em>καὶ</em></strong></span> <span class='ocrx_word' id='word_1_131' title='bbox 552 1685 606 1747; x_wconf 79' lang='grc' dir='ltr'><strong><em>πῶς</em></strong></span> <span class='ocrx_word' id='word_1_132' title='bbox 619 1679 652 1739; x_wconf 85' lang='grc' dir='ltr'><strong><em>άν</em></strong></span> <span class='ocrx_word' id='word_1_133' title='bbox 666 1705 706 1749; x_wconf 89' lang='grc' dir='ltr'><strong><em>τις</em></strong></span> <span class='ocrx_word' id='word_1_134' title='bbox 720 1680 875 1741; x_wconf 83' lang='grc' dir='ltr'><strong><em>άπευθάνσι</em></strong></span> 
     </span>
     <span class='ocr_line' id='line_1_20' title="bbox 114 1761 876 1842; baseline 0.001 -20"><span class='ocrx_word' id='word_1_135' title='bbox 114 1769 177 1832; x_wconf 77' lang='grc' dir='ltr'><strong><em>τοὺς</em></strong></span> <span class='ocrx_word' id='word_1_136' title='bbox 188 1761 325 1840; x_wconf 79' lang='grc' dir='ltr'><strong><em>Ῥωμαίων</em></strong></span> <span class='ocrx_word' id='word_1_137' title='bbox 338 1767 468 1842; x_wconf 71' lang='grc' dir='ltr'><strong><em>χρόνους,</em></strong></span> <span class='ocrx_word' id='word_1_138' title='bbox 492 1769 559 1840; x_wconf 89' lang='grc' dir='ltr'><strong><em>πρός</em></strong></span> <span class='ocrx_word' id='word_1_139' title='bbox 585 1769 648 1834; x_wconf 82' lang='grc' dir='ltr'><strong><em>τούς</em></strong></span> <span class='ocrx_word' id='word_1_140' title='bbox 659 1762 835 1840; x_wconf 78' lang='grc' dir='ltr'><strong><em>Ἑλληνικούς,</em></strong></span> <span class='ocrx_word' id='word_1_141' title='bbox 849 1773 876 1824; x_wconf 84' lang='grc' dir='ltr'><strong><em>ίν</em></strong></span> 
     </span>
     <span class='ocr_line' id='line_1_21' title="bbox 114 1847 876 1926; baseline 0 -18"><span class='ocrx_word' id='word_1_142' title='bbox 114 1854 192 1926; x_wconf 78' lang='grc' dir='ltr'><strong><em>ἑτέρῳ</em></strong></span> <span class='ocrx_word' id='word_1_143' title='bbox 206 1851 351 1920; x_wconf 71' lang='grc' dir='ltr'><strong><em>δεδήλωταί</em></strong></span> <span class='ocrx_word' id='word_1_144' title='bbox 363 1850 413 1924; x_wconf 84' lang='grc' dir='ltr'><strong><em>μοι</em></strong></span> <span class='ocrx_word' id='word_1_145' title='bbox 425 1852 504 1926; x_wconf 85' lang='grc' dir='ltr'><strong><em>λόγῳ.</em></strong></span> <span class='ocrx_word' id='word_1_146' title='bbox 523 1847 556 1908; x_wconf 79' lang='grc' dir='ltr'><strong><em>οὗ</em></strong></span> <span class='ocrx_word' id='word_1_147' title='bbox 570 1855 623 1926; x_wconf 80' lang='grc' dir='ltr'><strong><em>γάρ</em></strong></span> <span class='ocrx_word' id='word_1_148' title='bbox 635 1850 739 1922; x_wconf 77' lang='grc' dir='ltr'><strong><em>ἠξίουν,</em></strong></span> <span class='ocrx_word' id='word_1_149' title='bbox 758 1852 792 1918; x_wconf 84' lang='grc' dir='ltr'><strong><em>ὡς</em></strong></span> <span class='ocrx_word' id='word_1_150' title='bbox 811 1863 876 1911; x_wconf 86' lang='grc' dir='ltr'><strong><em>Πο-</em></strong></span> 
     </span>
     <span class='ocr_line' id='line_1_22' title="bbox 112 1935 874 2010; baseline 0.001 -19"><span class='ocrx_word' id='word_1_151' title='bbox 112 1936 207 2009; x_wconf 78' lang='grc' dir='ltr'><strong><em>λύβιος</em></strong></span> <span class='ocrx_word' id='word_1_152' title='bbox 230 1936 246 1992; x_wconf 86' lang='grc' dir='ltr'><strong><em>ό</em></strong></span> <span class='ocrx_word' id='word_1_153' title='bbox 259 1938 499 2009; x_wconf 72' lang='grc' dir='ltr'><strong><em>Μεγαλοπολίτης,</em></strong></span> <span class='ocrx_word' id='word_1_154' title='bbox 526 1939 661 1993; x_wconf 82' lang='grc' dir='ltr'><strong><em>τοσοῦτον.</em></strong></span> <span class='ocrx_word' id='word_1_155' title='bbox 684 1940 769 2010; x_wconf 89' lang='grc' dir='ltr'><strong><em>μόνον</em></strong></span> <span class='ocrx_word' id='word_1_156' title='bbox 782 1935 874 2004; x_wconf 77' lang='grc' dir='ltr'><strong><em>εἰπεῖν,</em></strong></span> 
     </span>
     <span class='ocr_line' id='line_1_23' title="bbox 112 2017 876 2096; baseline 0.001 -18"><span class='ocrx_word' id='word_1_157' title='bbox 112 2017 157 2078; x_wconf 82' lang='grc' dir='ltr'><strong><em>ὅτι</em></strong></span> <span class='ocrx_word' id='word_1_158' title='bbox 170 2023 240 2079; x_wconf 85' lang='grc' dir='ltr'><strong><em>κατά</em></strong></span> <span class='ocrx_word' id='word_1_159' title='bbox 254 2022 285 2077; x_wconf 89' lang='grc' dir='ltr'><strong><em>τό</em></strong></span> <span class='ocrx_word' id='word_1_160' title='bbox 300 2020 422 2096; x_wconf 84' lang='grc' dir='ltr'><strong><em>όείτερον</em></strong></span> <span class='ocrx_word' id='word_1_161' title='bbox 435 2019 494 2086; x_wconf 72' lang='grc' dir='ltr'><strong><em>ἔτος</em></strong></span> <span class='ocrx_word' id='word_1_162' title='bbox 507 2025 553 2093; x_wconf 75' lang='grc' dir='ltr'><strong><em>τῆς</em></strong></span> <span class='ocrx_word' id='word_1_163' title='bbox 573 2021 691 2095; x_wconf 76' lang='grc' dir='ltr'><strong><em>ἑβδόμης</em></strong></span> <span class='ocrx_word' id='word_1_164' title='bbox 710 2019 876 2094; x_wconf 82' lang='grc' dir='ltr'><strong><em>ὀλυμπιάδος</em></strong></span> 
     </span>
     <span class='ocr_line' id='line_1_24' title="bbox 113 2102 876 2211; baseline -0.001 -48"><span class='ocrx_word' id='word_1_165' title='bbox 113 2108 161 2176; x_wconf 74' lang='grc' dir='ltr'><strong><em>τὴν</em></strong></span> <span class='ocrx_word' id='word_1_166' title='bbox 169 2103 271 2180; x_wconf 81' lang='grc' dir='ltr'><strong><em>Ράιμην</em></strong></span> <span class='ocrx_word' id='word_1_167' title='bbox 284 2106 410 2162; x_wconf 74' lang='grc' dir='ltr'><strong><em>ἐκτίσθαι</em></strong></span> <span class='ocrx_word' id='word_1_168' title='bbox 424 2108 572 2179; x_wconf 82' lang='grc' dir='ltr'><strong><em>πείθομαι·</em></strong></span> <span class='ocrx_word' id='word_1_169' title='bbox 591 2102 648 2162; x_wconf 79' lang='grc' dir='ltr'><strong><em>οὔδ’</em></strong></span> <span class='ocrx_word' id='word_1_170' title='bbox 667 2107 711 2164; x_wconf 78' lang='grc' dir='ltr'><strong><em>ἐπὶ</em></strong></span> <span class='ocrx_word' id='word_1_171' title='bbox 731 2127 778 2163; x_wconf 84' lang='grc' dir='ltr'><strong><em>του</em></strong></span> <span class='ocrx_word' id='word_1_172' title='bbox 800 2109 876 2211; x_wconf 82' lang='grc' dir='ltr'><strong><em>παρά</em></strong></span> 
     </span>
     <span class='ocr_line' id='line_1_25' title="bbox 112 2187 876 2296; baseline 0 -48"><span class='ocrx_word' id='word_1_173' title='bbox 112 2196 169 2258; x_wconf 77' lang='grc' dir='ltr'><strong><em>τοῖς</em></strong></span> <span class='ocrx_word' id='word_1_174' title='bbox 179 2187 326 2273; x_wconf 75' lang='grc' dir='ltr'><strong><em>Ἀγγισεῖισι</em></strong></span> <span class='ocrx_word' id='word_1_175' title='bbox 338 2193 461 2292; x_wconf 79' lang='grc' dir='ltr'><strong><em>κειμένου</em></strong></span> <span class='ocrx_word' id='word_1_176' title='bbox 474 2193 587 2258; x_wconf 88' lang='grc' dir='ltr'><strong><em>πίνακος</em></strong></span> <span class='ocrx_word' id='word_1_177' title='bbox 598 2193 657 2259; x_wconf 85' lang='grc' dir='ltr'><strong><em>ένός</em></strong></span> <span class='ocrx_word' id='word_1_178' title='bbox 669 2213 715 2249; x_wconf 89' lang='grc' dir='ltr'><strong><em>και</em></strong></span> <span class='ocrx_word' id='word_1_179' title='bbox 704 2191 857 2296; x_wconf 80' lang='grc' dir='ltr'><strong><em>μόνον</em></strong></span> <span class='ocrx_word' id='word_1_180' title='bbox 828 2214 876 2264; x_wconf 87' lang='grc' dir='ltr'><strong><em>την</em></strong></span> 
     </span>
     <span class='ocr_line' id='line_1_26' title="bbox 113 2271 873 2352; baseline 0 -18"><span class='ocrx_word' id='word_1_181' title='bbox 113 2280 203 2336; x_wconf 89' lang='grc' dir='ltr'><strong><em>πίστιν</em></strong></span> <span class='ocrx_word' id='word_1_182' title='bbox 217 2275 403 2352; x_wconf 83' lang='grc' dir='ltr'><strong><em>άβασάνιστον</em></strong></span> <span class='ocrx_word' id='word_1_183' title='bbox 417 2271 570 2344; x_wconf 86' lang='grc' dir='ltr'><strong><em>άπολιπεῖν,</em></strong></span> <span class='ocrx_word' id='word_1_184' title='bbox 596 2274 666 2333; x_wconf 85' lang='grc' dir='ltr'><strong><em>άλλά</em></strong></span> <span class='ocrx_word' id='word_1_185' title='bbox 691 2278 755 2342; x_wconf 81' lang='grc' dir='ltr'><strong><em>τούς</em></strong></span> <span class='ocrx_word' id='word_1_186' title='bbox 779 2282 873 2351; x_wconf 84' lang='grc' dir='ltr'><strong><em>ίπιλο-</em></strong></span> 
     </span>
     <span class='ocr_line' id='line_1_27' title="bbox 113 2356 875 2436; baseline 0.001 -18"><span class='ocrx_word' id='word_1_187' title='bbox 113 2364 236 2436; x_wconf 81' lang='grc' dir='ltr'><strong><em>γισμοίις,</em></strong></span> <span class='ocrx_word' id='word_1_188' title='bbox 263 2356 310 2428; x_wconf 79' lang='grc' dir='ltr'><strong><em>οὓς</em></strong></span> <span class='ocrx_word' id='word_1_189' title='bbox 324 2357 407 2428; x_wconf 86' lang='grc' dir='ltr'><strong><em>αυτὸς</em></strong></span> <span class='ocrx_word' id='word_1_190' title='bbox 425 2359 616 2435; x_wconf 82' lang='grc' dir='ltr'><strong><em>προεθέμην’</em></strong></span> <span class='ocrx_word' id='word_1_191' title='bbox 593 2384 629 2428; x_wconf 81' lang='grc' dir='ltr'><strong><em>εις</em></strong></span> <span class='ocrx_word' id='word_1_192' title='bbox 640 2363 731 2434; x_wconf 82' lang='grc' dir='ltr'><strong><em>μέσον,</em></strong></span> <span class='ocrx_word' id='word_1_193' title='bbox 747 2361 875 2420; x_wconf 79' lang='grc' dir='ltr'><strong><em>ὕπευθά-</em></strong></span> 
     </span>
     <span class='ocr_line' id='line_1_28' title="bbox 114 2443 875 2523; baseline 0.001 -22"><span class='ocrx_word' id='word_1_194' title='bbox 114 2467 177 2509; x_wconf 92' lang='grc' dir='ltr'><strong><em>νους</em></strong></span> <span class='ocrx_word' id='word_1_195' title='bbox 190 2451 246 2513; x_wconf 85' lang='grc' dir='ltr'><strong><em>τοῖς</em></strong></span> <span class='ocrx_word' id='word_1_196' title='bbox 255 2449 436 2521; x_wconf 75' lang='grc' dir='ltr'><strong><em>βουληθεῖσιν</em></strong></span> <span class='ocrx_word' id='word_1_197' title='bbox 455 2449 607 2523; x_wconf 74' lang='grc' dir='ltr'><strong><em>ἐσομένους,</em></strong></span> <span class='ocrx_word' id='word_1_198' title='bbox 623 2443 807 2522; x_wconf 61' lang='grc' dir='ltr'><strong><em>ἐξενεγκέίν.ε</em></strong></span> <span class='ocrx_word' id='word_1_199' title='bbox 791 2471 808 2517; x_wconf 89' lang='grc' dir='ltr'><strong><em>η</em></strong></span> <span class='ocrx_word' id='word_1_200' title='bbox 825 2468 875 2522; x_wconf 85' lang='grc' dir='ltr'><strong><em>μεν</em></strong></span> 
     </span>
    </p>
   </div>
   <div class='ocr_carea' id='block_1_3' title="bbox 82 2518 904 2706">
    <p class='ocr_par' dir='ltr' id='par_1_4' title="bbox 82 2518 904 2706">
     <span class='ocr_line' id='line_1_29' title="bbox 104 2518 886 2640; baseline 0.018 -58"><span class='ocrx_word' id='word_1_201' title='bbox 104 2518 159 2583; x_wconf 64' lang='grc' dir='ltr'><strong><em>οὖν</em></strong></span> <span class='ocrx_word' id='word_1_202' title='bbox 168 2529 339 2603; x_wconf 70' lang='grc' dir='ltr'><strong><em>α’νρζθειαέν</em></strong></span> <span class='ocrx_word' id='word_1_203' title='bbox 354 2533 450 2612; x_wconf 73' lang='grc' dir='ltr'><strong><em>ἐκείνην</em></strong></span> <span class='ocrx_word' id='word_1_204' title='bbox 470 2531 653 2615; x_wconf 76' lang='grc' dir='ltr'><strong><em>δηλοίται”</em></strong></span> <span class='ocrx_word' id='word_1_205' title='bbox 619 2555 656 2609; x_wconf 78' lang='grc' dir='ltr'><strong><em>τῳ</em></strong></span> <span class='ocrx_word' id='word_1_206' title='bbox 674 2533 760 2640; x_wconf 65' lang='grc' dir='ltr'><strong><em>λόγῳ</em></strong></span> <span class='ocrx_word' id='word_1_207' title='bbox 780 2531 886 2630; x_wconf 53' lang='lat'><strong><em>12:⁸¹1-</em></strong></span> 
     </span>
     <span class='ocr_line' id='line_1_30' title="bbox 82 2611 904 2706; baseline 0.04 -49"><span class='ocrx_word' id='word_1_208' title='bbox 82 2627 163 2676; x_wconf 59' lang='grc' dir='ltr'><strong><em>σεται</em></strong></span> <span class='ocrx_word' id='word_1_209' title='bbox 176 2611 272 2675; x_wconf 69' lang='grc' dir='ltr'><strong><em>δίκαι’</em></strong></span> <span class='ocrx_word' id='word_1_210' title='bbox 282 2615 336 2677; x_wconf 81' lang='grc' dir='ltr'><strong><em>διαί</em></strong></span> <span class='ocrx_word' id='word_1_211' title='bbox 362 2621 449 2694; x_wconf 80' lang='grc' dir='ltr'><strong><em>τῆσόι</em></strong></span> <span class='ocrx_word' id='word_1_212' title='bbox 475 2627 528 2701; x_wconf 75' lang='grc' dir='ltr'><strong><em>τῆς</em></strong></span> <span class='ocrx_word' id='word_1_213' title='bbox 547 2621 750 2706; x_wconf 65' lang='grc' dir='ltr'><strong><em>πραγματείας</em></strong></span> <span class='ocrx_word' id='word_1_214' title='bbox 778 2635 855 2671; x_wconf 65' lang='lat' dir='ltr'><em>W</em></span> <span class='ocrx_word' id='word_1_215' title='bbox 868 2630 904 2663; x_wconf 64' lang='lat'><strong><em>¹²¹</em></strong></span> 
     </span>
    </p>
   </div>
   <div class='ocr_carea' id='block_1_4' title="bbox 0 0 950 2970">
    <p class='ocr_par' dir='ltr' id='par_1_5' title="bbox 0 0 950 2970">
     <span class='ocr_line' id='line_1_31' title="bbox 0 0 950 2970; baseline 0 0"><span class='ocrx_word' id='word_1_216' title='bbox 0 0 950 2970; x_wconf 95' lang='lat' dir='ltr'><strong><em> </em></strong></span> 
     </span>
    </p>
   </div>
  </div>
 </body>
</html>
