1890 2970
164 109 441 179 Ασττοτττιτυττ
457 109 595 164 nom.
611 113 676 165 mn.
692 113 725 165 v.
774 120 825 176 199

68 218 119 273 νεῖν
133 212 274 292 οῖνδρῶν,’
261 238 288 274 εν
302 238 335 293 τῃ
323 216 422 273 ’πέλει
437 215 566 321 σιἰνεγγυς
578 219 623 288 τῆς
636 213 739 293 ἆγορᾶς
755 214 824 278 δπί-

66 302 122 364 διιξ
121 323 147 357 εν
161 297 214 357 δπδ
226 303 330 367 ἐλέους
345 301 389 359 καί
403 299 473 359 ἔστιν
486 296 574 379 ὥσπερ
588 301 660 376 ἱερὸν
672 304 752 359 τοῦτο
768 308 825 372 τοῖς

64 390 91 448 ἐξ
102 386 205 442 ἐκείνου
216 388 264 443 τοῦ
276 389 369 461 γένους
388 384 615 443 ίνθοίπτεσθαι’
597 389 740 460 ανειμένον,
754 410 822 447 παν-

64 471 108 536 τὸς
121 470 241 526 πλοέιτου
254 468 328 527 καί
312 471 418 540 αποίσης
429 470 566 537 βασιλείας
576 470 821 547 τρεῖττονοῖγαθδν,

62 557 90 609 τί
100 575 139 618 τις
152 555 189 627 μὴ
202 557 260 620 ταῖς
272 554 461 620 ἐπονειδίστοις
482 550 593 624 ἡδοναῖς
605 560 694 632 μετρεῖ
712 558 760 626 τήν
772 555 820 614 εῦ-

63 637 217 717 δαιμονίαν,
231 636 300 696 ἄλλοί
314 640 349 714 τῷ
363 638 441 713 καλῷ.
458 634 602 715 Οὗαλέριος
614 640 662 713 μέν
674 640 819 710 δῆΠοπλι-

62 724 146 787 κόλας
159 719 244 779 οὐδέν
257 724 360 796 έξωτῆς
371 720 407 788 εἷς
417 725 451 778 τοί
464 719 600 797 ἀναγκαῖα
619 724 740 795 δαπάνης
757 726 820 795 nvi·

61 808 169 864 σασθαι
181 809 362 884 προελόμενος,
382 806 415 873 ὡς
427 809 479 863 τῶν
490 809 701 883 πολυχρημάτων
714 830 751 874 τις
763 811 819 882 βα-

60 893 162 960 σιλέων,
176 894 309 964 λαμπραῖς
323 891 376 949 δπδ
389 895 435 963 τῆς
448 894 547 959 πόλεως
557 892 691 965 ἐκομίσθη
705 897 818 966 ταφαῖς·

59 976 107 1033 καί
118 970 201 1032 αὐτὸν
211 973 348 1052 Ῥωμαίων
360 973 389 1031 αῖ
400 979 524 1048 γυναῖκες
537 970 642 1033 οῖπασαι
654 980 818 1049 συνειπάμε-

60 1081 107 1118 ναι
119 1061 165 1116 τδν
178 1056 262 1119 αὖτδν
273 1063 374 1138 τρόπον
386 1054 473 1136 ὥσπερ
481 1054 731 1136 ἽσδνιονΒροῖτον,
746 1059 816 1119 ιίπο·

61 1146 137 1201 θέσει
151 1165 177 1200 τε
187 1149 291 1221 χρυσοῖ
305 1143 352 1200 καί
371 1144 528 1221 πορφδρας,
553 1143 689 1202 ἐνιαύσιον
701 1149 818 1216 έπένθη·

60 1248 113 1285 σαν
124 1231 229 1303 χρόνον,
257 1228 291 1295 ὦς
310 1227 375 1295 ἔθος
386 1227 458 1284 ἐστὶν
472 1223 566 1295 αὗταῖς
578 1233 692 1287 πενθεῖν
703 1231 748 1287 ἐπί
762 1235 817 1297 τοῖς

60 1310 218 1385 ἀναγκαίοις
230 1315 281 1369 τοῖν
293 1313 428 1389 συγγενῶν
447 1310 545 1382 κήδεσι.

60 1463 157 1529 Spurio
180 1462 272 1513 Cassio
291 1471 319 1512 et
340 1463 388 1528 Op.
408 1461 537 1530 Virginio
553 1476 621 1511 σοσε.
638 1478 697 1511 cum
707 1460 817 1512 Sabmis

354 1527 524 1579 debella'tum.

126 1644 231 1707 XLIX.
251 1649 332 1707 Μετοί
347 1648 376 1705 δι
387 1650 434 1705 τὸν
455 1648 577 1706 ίνιαυτδν
597 1650 697 1705 ἐκεῖνον
716 1642 815 1702 τῖπατοτ

59 1734 241 1789 καθίστανται
262 1735 381 1809 Σπόριος
392 1733 521 1800 Κασσιος
549 1727 707 1796 Οὗσκελῖνος
725 1736 815 1788 ίτιικα·

58 1817 192 1886 λούμενος,
220 1817 265 1874 καί
287 1812 404 1890 Ὀπίτωρ
432 1813 591 1894 Ουεργίνιος,
608 1815 624 1872 δ
653 1818 814 1892 Τρικιίστος·

57 1897 99 1972 ἐφ’
114 1889 148 1956 ὧν
162 1923 176 1957 ο
169 1902 257 1977 ’πρὸς
272 1902 408 1975 Σαβίνους
425 1904 538 1976 πόλεμος
563 1899 615 1958 ὑπὸ
609 1903 749 2001 θατέρου
763 1902 814 1955 τῶν

60 1984 167 2041 ὑπάτων
182 1988 307 2061 Σπορίου
328 1985 472 2057 ναττλέιθη,
487 1988 574 2059 μολγης
586 1981 619 2040 οδ
631 1987 726 2086 μικροῖς
738 2006 813 2059 γινο

55 2073 135 2141 μένης
148 2070 303 2138 πλησίον”
271 2092 316 2141 της
330 2071 452 2146 Κυριτῶν
465 2072 578 2135 πόλεως·
592 2057 644 2133 έξ
628 2093 658 2138 ης
670 2067 812 2124 απέθανον

55 2155 105 2225 μὲν
118 2149 188 2224 αμφί
201 2154 262 2218 τοὺς
274 2155 387 2230 μυρίους
409 2152 456 2209 καί
480 2153 650 2228 τριακοσίους
676 2152 809 2223 Σαβίνων,

57 2235 218 2312 αιγμοίλωτσι
236 2232 263 2294 δ’
277 2241 434 2310 ἐλήφθησαν
448 2235 538 2338 ὀλίγον
551 2234 709 2300 ἀποδέοντες
719 2255 809 2307 τειρα-

55 2322 196 2392 κισχιλίων.
222 2343 306 2397 ταυτῃ
324 2322 358 2395 τῆ
373 2320 502 2424 συμφοριῖ
521 2319 657 2393 τελευταίᾳ
671 2319 809 2392 πληγέντες

55 2405 220 2479 οιΣαβῖνοι,
249 2403 413 2482 πρέσβεις’
395 2409 447 2464 απί
434 2403 597 2468 ίστειλανῶς
621 2374 711 2458 τδν”
693 2422 807 2470 υπατον,

56 2489 253 2564 διαλεξομένους
266 2511 324 2566 περι
315 2490 437 2563 φιλίας,
452 2488 555 2563 αναβαλ
559 2488 655 2561 ομενου
669 2482 701 2540 δ
712 2481 808 2550 αὐτοῖς

56 2572 98 2629 ἐπί
116 2575 164 2645 τὴν
186 2576 288 2650 δονλρν
310 2576 359 2630 τοῖν
371 2575 505 2638 Κασσίου,
533 2572 796 2648 παραγινηδέντες“
773 2592 808 2635 εις
