1890 2970
46 190 52 207 .

45 216 50 261 ί
107 229 122 263 τ

177 129 451 194 ANTIQVITATVM
468 132 603 187 ROMAN.
621 138 683 188 Llss.
694 139 738 188 111.
790 141 840 196 327

88 263 168 306 ουτος
180 240 301 316 ἱστορίας
313 237 381 306 άξια,
392 242 437 298 καί
450 244 497 311 τήν
507 237 664 318 Ῥώμηνοιίκ
672 242 751 321 ὀλίγῳ
758 249 841 321 κρείτ-

86 348 155 385 τονα
167 327 307 401 παραδοὺς
318 330 374 390 τοῖς
388 329 580 402 ἐπιγινομένοις
594 327 609 396 ή
630 325 711 392 αὖτός
728 332 842 404 παρέλα·

86 416 143 486 βεν,
158 410 201 468 ἐπί
213 415 323 485 τέτταρα
338 413 404 484 πρός
418 415 474 475 τοῖς
493 413 592 467 εἴκοσιν
613 411 656 480 ἔτη
683 413 731 480 τήν
757 416 840 486 βασι-

88 499 162 554 λείαν
173 494 318 565 κατασχὼν,
335 493 514 564 ἀποθνήσκει,
529 496 578 551 δίο
593 496 744 552 καταλιπὼν
759 496 840 564 διούς,

87 583 135 636 τόν
148 581 204 652 μὲν,
218 580 255 635 ἔτι
269 579 354 636 παῖδα
368 582 400 655 τῇ
412 576 516 656 ήλικίρι·
545 583 591 636 τόν
612 581 640 635 δὲ
652 582 841 656 πρεσβύτερον,

87 664 184 738 άρτίως
196 667 341 737 γενειῶντα.

166 815 263 864 Βασίμα
276 813 437 882 Tarquinius
448 815 629 863 Romanorum
642 815 725 865 REX
744 817 775 864 V.

152 915 255 973 XLVI.
282 919 363 974 Μετά
379 916 406 971 δὲ
419 919 465 972 τόν
480 912 577 990 ’Ἄγκου
596 919 727 991 Μαρκίου
755 920 843 974 θάναι

88 1023 145 1069 τον,
171 997 187 1068 ή
207 1002 292 1075 βουλή
306 1004 394 1067 πάλιν,
409 1003 599 1075 ἐπιτρέψαντος
612 999 680 1076 αὐτῇ
694 1004 743 1057 τοῖν
757 1003 844 1074 δήμου

88 1087 233 1152 πολιτείαν,
250 1083 282 1154 ήν
295 1087 429 1159 ίβοίιλιτο,
443 1085 677 1154 καταστήσασθαι,
702 1089 789 1158 μένειν
800 1089 843 1153 ἐπὶ

91 1175 139 1239 τής
153 1166 236 1239 αὐτῆς
247 1169 320 1244 ἔγνω,
342 1169 387 1225 καί
408 1168 581 1226 άποδείκνυσι
594 1173 785 1243 μεσοβασιλεῖς.
817 1171 843 1227 οἱ

91 1255 120 1310 δὲ
136 1257 332 1329 συναγαγόντες
345 1253 380 1318 εἷς
394 1251 719 1327 άργαιρεοίαςτόπλῆθος,
734 1255 840 1330 αίροίιν-

89 1360 135 1394 ται
148 1341 260 1412 βασιλέα
273 1340 389 1394 Λεύκιον
412 1339 571 1410 Ταρκύνιον.
595 1341 800 1413 βεβαιωσάντων
814 1341 841 1395 δὲ

88 1423 137 1480 καί
150 1426 200 1477 τῶν
213 1425 286 1495 παρά
300 1427 348 1479 τοῐι
364 1423 506 1495 δαιμονίου
526 1425 639 1493 σημείων
659 1426 693 1479 τά
713 1426 840 1498 κριθέντα

90 1507 145 1564 ὕπὸ
165 1511 213 1561 τοῦ
237 1509 371 1576 πλήθους,
398 1510 603 1583 παραλαμβάνει
629 1509 677 1576 τήν
700 1509 839 1579 βασιλείαν

89 1593 203 1663 ἐνιαυτῷ
216 1590 325 1665 δευτέρῳ
336 1594 450 1663 μάλιστα
465 1596 509 1661 τῆς
530 1594 591 1663 μιᾶς
620 1591 664 1646 καί
684 1613 839 1664 τετταρακο-

89 1648 368 1747 στήςόλυμπιάδσςό
391 1675 552 1777 Ίαρκίιιιος,
576 1671 608 1744 ήν
634 1677 707 1730 ἐνίκα
731 1676 840 1731 στάδιον

91 1759 241 1822 Κλεωνίδας
254 1759 269 1815 6
284 1757 444 1833 Θηβαίος,”
427 1781 553 1833 αρχοντος
565 1756 709 1860 Ἀθήνῃσιν
719 1755 839 1830 ’Πνιογί-

89 1846 149 1900 δου.
174 1839 340 1916 γονέωνδ
325 1844 424 1898 οποίων
445 1846 521 1898 τινῶν
548 1832 626 1906 οὗτος
651 1845 667 1899 6
695 1843 840 1918 Ταρκύνιος

88 1919 131 1994 ήν,
146 1949 190 1982 και
182 1928 331 2001 πατρίδος
345 1916 397 1991 εξ
383 1950 412 1996 ης
425 1927 483 1999 ἔφυ,
504 1950 548 1982 και
540 1927 646 1983 διά’
622 1950 693 1992 τινας
706 1926 792 1993 αλτίας
806 1925 839 1992 εἷς

86 2010 189 2081 Ῥώμην
201 2010 322 2081 άφίκετο,
336 2034 380 2066 και
373 2008 465 2066 66‘
442 2012 505 2067 σι’ων
518 2011 766 2085 ε’πιτηδειμάτων’
744 2035 779 2076 ιτς
792 2015 840 2082 τήν

88 2098 196 2194 βασιλ’
173 2117 230 2149 ιιαν
243 2096 421 2168 παρήλθενᾎ
406 2119 438 2160 ως
452 2099 478 2149 ἐν
493 2100 549 2157 ταῖς
562 2099 712 2170 ἐπιχωρίαις
723 2101 840 2172 γραφαῖς

89 2167 179 2253 εδρον,
193 2183 250 2252 ε’ρῶ.
266 2181 417 2249 ίιοριιθιος
430 2200 467 2240 τις
481 2202 558 2255 αιηρ,
571 2201 656 2251 ονομα
670 2183 839 2252 Δημάρατος,

43 2322 51 2329 ,
86 2269 118 2320 ἐκ
132 2269 177 2334 τῆς
188 2264 351 2333 Βακχιαδῶν
360 2267 522 2367 συγγενείας,
546 2264 743 2334 ἐμπορεύεσθαι
756 2284 838 2365 πρρε-

88 2348 333 2415 λόμενσςέ’ττλεισιν
354 2346 389 2411 εἷς
412 2344 495 2403 ”Ιταλ
485 2370 537 2410 ιαν,
566 2347 665 2402 ὁλκάδα
692 2368 718 2399 τε
741 2345 840 2401 οἰκείαν

86 2428 161 2505 άγων
175 2454 219 2486 και
211 2432 334 2504 φόρτον
347 2432 425 2487 ἴδιον
450 2431 626 2501 ἐξεμπολήσας
640 2430 667 2486 δὲ
680 2432 726 2487 τόν
738 2433 840 2504 φόρτον

87 2521 117 2572 ἐν
130 2520 188 2579 ταῖς
201 2518 252 2571 τῶν
270 2517 542 2589 ’1ὐῤῥηνι7ινπόλτσιν,
557 2509 827 2590 εὖδαιμονοίισαις
798 2537 847 2589 μα·

85 2604 164 2655 λιστα
176 2602 225 2650 τῶν
235 2604 265 2650 ἐν
276 2595 372 2673 Ἰταλίᾳ
385 2602 449 2668 τότε,
465 2601 514 2659 καί
527 2605 634 2680 μεγάλα
648 2605 734 2686 κέρδη
748 2604 866 2681 περιβα-
