1890 2970
129 100 405 166 ANTIQWTATVM
422 102 556 154 ROMAN.
573 104 636 154 LIB.
648 105 680 155 V.
741 108 790 166 241

57 209 177 276 ἀσιλεκῆς
201 201 343 280 ἡγεμονίας
355 206 418 270 τοὺς
428 209 601 280 ταρακτικοδς
620 208 665 265 καί
678 229 789 283 νεωτερι·

57 293 109 357 τάς,
123 289 153 345 τδ
160 291 301 364 κράτιστον
307 291 357 345 τῶν
371 289 421 345 ὑπὸ
430 290 563 363 Σερουΐου
573 293 685 348 Τυλλίου
693 294 740 348 τοῦ
749 293 790 360 δη·

60 375 793 448 οτικοιτάτουβασιλὲωςκατασταθέντωννομίμων,πρῶ..

57 481 86 514 ον
100 460 203 521 ἐπέταξε
212 452 352 530 Ῥωμαίοις
362 451 448 513 ἅπασι
462 462 581 532 ποιῆσαι,
600 459 713 529 τιμήσεις
726 463 792 515 κατὰ

57 544 126 604 ιυλάς
137 543 188 596 τῶν
199 541 265 616 βίον
277 544 403 614 ἐνεγκεῖν,
420 544 643 617 προσγράφοντας
660 545 794 616 γυναικῶν

58 624 86 682 αὶ
95 623 200 681 παίδοιν
212 622 341 697 ὀνόματα,
365 623 411 680 καί
423 621 525 694 ἡλικίας
538 629 639 682 ἑαυτῶν
651 647 677 681 τε
690 625 735 682 καί
749 628 793 682 τί·

57 730 117 765 νων.
131 712 158 765 ἐν
166 706 368 782 ὄλίχφδίχράνφ
381 710 487 765 πάντων
499 712 690 783 τιμησαμένων,
706 709 750 764 διά
760 711 790 765 τὸ

60 797 155 866 έχεθος
166 795 212 862 τῆς
224 794 362 867 τιμωρίας·
384 792 432 861 τήν
447 815 474 849 τε
487 795 539 867 γάρ
555 790 650 850 οὐσίαν
664 791 793 851 ἀπολέσαι

57 879 103 942 οὺς
115 874 318 945 ἀπειθήσαντας
330 874 394 948 ἔδει,
420 875 465 932 καί
477 879 525 945 τήν
538 879 689 933 πολιτείαν·
714 883 794 933 ἑπτα-

56 961 141 1026 οσίοις
153 961 259 1025 πλείους
273 958 425 1033 εὑρέθησαν
435 959 462 1017 οἱ
474 964 501 1016 ἐν
514 957 568 1036 ἤδη
584 957 719 1033 Ῥωμαίων
732 981 792 1018 πεν·

57 1044 177 1100 ικαίδεκα
201 1043 345 1117 μυριάδων.
371 1046 437 1116 μετά
463 1047 542 1100 τοῦτο
569 1045 706 1147 διακρίνας
731 1045 792 1110 τοίις

57 1149 143 1198 χοντας
156 1130 204 1198 τὴν
218 1124 410 1202 στρατείισιμον
422 1123 527 1197 ἡλικίαν
547 1125 649 1185 άπδ
615 1149 667 1185 των
679 1130 794 1203 πρεσβυ-

57 1216 128 1315 έρων,
155 1211 200 1267 καὶ
224 1209 404 1285 καταχωρίσας
429 1207 464 1277 εἷς
487 1213 590 1285 λάχους,
618 1213 727 1311 διένειμε
747 1233 792 1267 πε·

57 1297 100 1360 οὓς
118 1316 146 1350 τε
164 1291 209 1350 καί
223 1292 311 1358 ἱππεῖς
337 1289 372 1357 είς
396 1296 521 1369 τέτταρας
538 1298 652 1371 μοίρας·
678 1318 714 1351 ων
726 1296 791 1366 μιαν

60 1381 87 1435 ὲν
97 1380 145 1448 τήν
156 1377 296 1451 κρατίστην
308 1376 368 1451 περί
382 1376 464 1434 αὑτὸν
477 1373 584 1450 είχτν,’
571 1401 600 1435 εκ
614 1379 689 1434 δι’
655 1401 705 1435 των
720 1378 792 1434 ὖπο-

57 1464 198 1534 ειπομένοιν
212 1461 340 1517 Κλοίλιον
352 1463 481 1535 ἐκέλευσε,
507 1466 554 1518 τὸν
567 1463 734 1529 συνύπατον,
759 1457 791 1528 ἢν

60 1543 120 1610 ὕτὸς
144 1544 277 1618 ἐβοὺλττο,
301 1545 408 1617 λαβεῖν,
434 1548 483 1615 τήν
509 1546 537 1602 δὲ
562 1548 652 1620 τρίτην
670 1547 791 1620 Σπόριον

57 1632 163 1686 ίάσσιον
177 1631 224 1684 τὸν
236 1625 378 1703 ἱππάρχην,
405 1631 453 1700 τήν
467 1629 494 1684 δι’
508 1631 733 1699 καταλειπομένην
746 1631 793 1684 τὸν

61 1714 156 1784 δελφόν
169 1713 291 1786 Σπόριον
301 1714 436 1785 Λάρκιον·
462 1710 530 1782 αὕτη
544 1716 671 1788 φρουρεῖν
681 1714 729 1782 την
743 1714 792 1767 πεί-

57 1819 81 1854 ιν
105 1798 205 1867 ἐτάχθη
232 1796 281 1852 σὺν
308 1799 362 1861 τοῖς
388 1798 575 1873 πρεσβυτέροις
599 1799 672 1861 ἐντὸς
690 1796 793 1865 τείχους

58 1884 165 1940 ίνουσα.

102 1961 235 2021 LXXVI.
259 1959 306 2026 Ὡς
325 1958 355 2018 δ’
382 1951 415 2031 ἦν
435 1959 509 2038 αὐτῷ
527 1965 616 2020 πάντα
639 1965 672 2019 τά
690 1964 728 2028 εἷς
744 1965 792 2020 τὸν

57 2051 156 2119 ’ίλεμον
180 2045 315 2116 ἐπιτήδεια
340 2041 461 2123 εὔτρτπῆ,
487 2049 623 2122 προήχαχι
647 2050 693 2113 τάς
713 2049 793 2103 δυνά-

57 2153 95 2196 εις
109 2128 144 2197 εἷς
156 2130 204 2199 τη“ν
215 2123 369 2207 ὕπαιθρον·
395 2129 440 2187 καί
453 2132 613 2205 προτίθεται
626 2129 793 2206 στρατόπεδα

56 2216 116 2290 ρία,
143 2207 206 2270 καθ’
222 2207 269 2276 οὓς
280 2215 396 2288 μάλιστα
410 2213 580 2289 ίιπελάμβυντ
599 2217 698 2281 τόπους
711 2216 793 2280 ποιή-

60 2303 143 2355 εσθαι
164 2298 226 2363 τούς
246 2298 382 2363 Λατίνους
398 2301 446 2370 τήν
464 2297 570 2372 ἔφοδον.
595 2297 793 2371 ἐνθυμοδμινος

57 2377 122 2438 ίδτι
132 2383 269 2457 φρονίμων
283 2385 435 2460 στρατηχρλν
447 2386 529 2450 ἐστιν,
546 2379 578 2439 ου’
590 2386 673 2455 μόνον
686 2384 719 2439 τοί
731 2386 794 2438 ἑαυ.

57 2468 93 2522 ῶν
105 2469 251 2541 πράγματα
265 2469 352 2522 ποιεῖν
370 2463 474 2541 ἰσχυρά,
501 2464 567 2523 άλλά
579 2467 624 2525 καί
636 2468 669 2523 τά
681 2467 732 2523 τῶν
744 2486 792 2521 πο-

57 2550 135 2622 εμίων
161 2548 274 2617 άοθενῆ,
302 2548 347 2607 καί
359 2552 476 2626 μάλιστα
501 2551 549 2625 μὲν
567 2545 633 2608 άνιυ
650 2553 735 2626 μάχης
746 2548 791 2611 καί

75 2631 185 2682 Βτοτιυε.
199 2633 231 2683 Τ.
243 2629 277 2684 11,
611 2635 634 2694 Q
