1890 2970
90 99 127 159 92
211 89 371 144 momsu
389 86 734 143 HALICARNASSENSIS
848 96 854 139 ι

89 202 149 265 ταῖς
160 196 227 255 ίπτιί
253 193 300 253 καί
325 197 481 271 τρειίκοντα,
501 199 561 260 ταῖς
583 193 640 253 όπό
660 198 706 266 τῆς
730 192 850 263 διλῦσεοις

90 281 295 359 διαγενομίναις,
310 279 443 354 τότεπερί
455 284 505 352 τήν
516 282 595 337 πόλιν
608 282 702 355 οἴομαι
713 278 850 352 διοικήσα-

88 374 159 426 σθαι
171 363 234 430 τοῦς
244 360 369 436 Ἅχαιοός,
383 364 429 421 καί
447 368 493 432 τοῖς
510 366 653 441 πρεσβείας
669 365 848 432 ίπιδεἙιισθαε

87 455 135 518 τός
147 450 221 527 πυροί
233 453 285 506 τῶν
299 447 503 521 ἀφεστηκότων,
523 450 569 507 καί
583 451 614 505 τιί
634 445 714 526 ίρκια
733 451 846 520 ποιόσα·

87 541 159 595 σόαι
170 537 237 611 πρός
250 529 365 601 αῦτοῦς·
378 534 415 609 τῷ
428 530 453 591 δ’
466 537 520 604 ἑξῆς
541 534 598 602 ίτεε,
617 535 713 611 πρῦτρ
733 535 763 592 δι’
773 537 847 609 μετεί

87 625 134 694 τήν
148 616 248 677 ἅλωσιν
261 618 322 701 περί
334 621 383 688 τὴν
400 621 584 694 μετοπωρινὴν
604 617 744 694 ἰσημερίαν
763 616 848 695 ρ’ίραν.

87 730 127 773 τες
140 706 168 762 σί
184 706 269 780 Τρῶες
282 702 310 760 ίκ
323 708 369 775 τῆς
373 708 430 779 γῆς,
445 707 619 779 περαιοῦνται
632 701 848 775 τόνἙλλήσπσν-

87 814 147 849 τον·
173 788 219 846 καί
234 791 412 858 καταχθέντες
424 785 461 855 είς
473 789 522 858 τὴν
537 785 661 865 θρᾷκην,
687 786 774 847 αῦτοῦ
789 791 848 847 δια·

87 879 211 955 τρίβουσι
224 875 272 942 τὴν
281 875 432 950 χειμερινήν
445 869 529 949 ὥραν,
545 874 682 946 δεχόμενοί
693 895 721 931 τε
732 875 795 940 τοῦς
808 875 847 933 ἔτι

87 964 227 1022 συνιόντας
238 962 267 1014 ἐκ
280 962 327 1028 τῆς
340 961 443 1033 φυγῆς,
470 959 516 1015 καί
529 961 796 1035 παρασκευαζόμενοι
813 963 846 1016 τοί

87 1045 124 1111 είς
136 1046 183 1103 τόν
196 1042 347 1100 οίπόπλουν.
373 1049 402 1100 ἐκ
429 1043 457 1100 δὲ
484 1047 529 1113 τῆς
549 1037 658 1120 θρᾴκης
682 1042 846 1111 όναστιίντες

86 1131 164 1206 ίαρος
178 1127 336 1205 οἷρχομίνου,
351 1129 459 1185 τελοῦσι
472 1131 519 1185 τόν
537 1129 637 1200 μεταξῦ
656 1132 756 1198 πλοῦν,
782 1125 846 1205 όίχρι

84 1216 226 1279 Σικελίας·
239 1216 291 1268 ίκεί
304 1213 333 1269 όί
345 1213 532 1290 ὁρμισαμένοις
544 1208 637 1279 αῦτοίς
649 1215 682 1271 τό
695 1214 753 1278 ἔτος
765 1216 845 1272 τοῦτο

85 1298 200 1374 τελευτᾷ,
214 1296 260 1353 καί
276 1297 446 1374 διατρίβουσι
459 1301 506 1355 τόν
520 1296 645 1375 δεῦτερον
655 1302 780 1372 χειμῶνα,
798 1301 846 1366 τοίς

86 1383 375 1450 πόλειςσυνοικίζοντες
388 1386 443 1447 τοῖς
452 1378 577 1453 Ἐλῦμοις
590 1388 618 1440 ἐν
631 1385 750 1460 Σικελίᾳ.
764 1384 845 1442 πλωίν

84 1491 140 1543 μων
154 1470 183 1526 δὲ
193 1471 342 1542 γενομένων
354 1463 469 1543 ρίραντες
481 1466 537 1524 σἐιτό
562 1472 608 1538 τῆς
633 1469 724 1538 νήσου,
745 1473 846 1545 περῶσι

85 1558 115 1612 τὸ
135 1550 302 1629 Τυρρίηνικόν
315 1555 438 1625 πέλαγος,
450 1553 496 1610 καί
510 1556 678 1618 τελευτῶντες
690 1551 726 1620 είς
738 1560 846 1633 Λωρεν-

85 1637 329 1712 τόνοίφικνοῦνται,
337 1633 700 1714 τόνἏβσριγίνωναίμιαλόν,
712 1640 845 1710 μεσοῦσης

84 1726 202 1802 θερείας.
227 1722 355 1795 λαβόντες
366 1722 394 1778 δὲ
408 1725 438 1778 τό
447 1724 552 1798 χωρίον,
569 1721 714 1788 οίκίζουσεν
732 1727 761 1779 όν
774 1721 845 1799 αὐτῷ

85 1807 244 1876 Λαουίνιον,
273 1807 320 1861 τόν
334 1805 457 1881 δεῦτερυν
475 1805 531 1863 υίπό
546 1812 592 1877 τῆς
610 1805 730 1874 ἁλώσεως
741 1811 844 1880 όκπλη-

85 1895 217 1968 ρώσαντες
242 1893 372 1947 ἐνιαυτόν.
399 1888 445 1947 καί
472 1890 532 1967 περὶ
554 1893 606 1966 μίν
626 1891 729 1950 τούτων
750 1893 783 1961 ὡς
797 1893 844 1963 ίχω

86 1977 168 2047 δόξης,
182 1974 328 2045 δεδήλωταί
340 1996 396 2049 μοι.

176 2129 334 2176 Aeneas
361 2127 600 2176 Latinorum
630 2143 700 2176 rex
727 2128 752 2178 I

147 2228 252 2289 LXlV.
279 2225 386 2296 Αίνείας
396 2230 424 2286 δι’
437 2230 640 2298 κατασκευάσας
659 2229 741 2306 ίεροίς
756 2253 783 2289 τε
797 2233 843 2291 καί

85 2320 141 2382 τοῖς
153 2310 244 2383 ἄλλοις
256 2316 366 2385 κόσμοις
386 2312 560 2417 οίπρχρώντονς
577 2316 625 2383 τήν
638 2317 732 2384 πόλιν,
758 2303 795 2374 ιῦν
808 2320 842 2376 τό

82 2399 223 2457 πλείστα”
207 2421 245 2456 εει
258 2397 305 2455 καί
318 2395 354 2466 εἷς
363 2389 437 2472 ίμε
419 2420 461 2469 ην,
477 2400 513 2454 τοῦ
498 2400 568 2473 μὲν
580 2402 637 2469 ίξῆς
648 2401 770 2477 ἐνιαυτῷ,
785 2393 841 2478 τρί·

82 2504 120 2586 τιρ
133 2483 161 2540 δί
173 2482 229 2541 είιεό
255 2487 301 2554 τῆς
315 2484 423 2549 ίξόδου,
454 2484 550 2558 Τρώων
571 2485 726 2556 ἐβασίλευσε
738 2486 839 2559 μόνον·

75 2587 116 2640 qt
105 2566 172 2623 ’δι’
194 2567 312 2645 τετείρτρι
336 2568 541 2641 τελευτήσαντος
563 2569 699 2639 Λατίνου,
722 2568 771 2627 και
795 2592 842 2640 την

29 2666 60 2809 ,
