1890 2970
146 107 181 162 36
264 99 422 151 DIONYsu
439 98 783 152 HALICARNASSENSIS

146 208 199 262 τῶν
211 208 330 279 πολέμων
342 204 398 263 έστί
411 205 445 260 τά
460 204 593 279 χρήματα,
608 205 653 260 καί
668 204 726 280 περί
739 210 786 274 τῆς
798 205 902 264 τούτων

148 293 268 361 φυλακῆς
280 286 395 354 άπαντες
407 291 630 355 κακοπαθοῦσιν,
650 285 741 363 ὀρθῶς
754 289 849 364 ἔχειν
834 287 902 349 ῶετο

146 375 209 440 τοδς
220 375 269 447 μέν
281 394 341 449 περι
331 374 475 448 μειζόνων
487 371 689 437 κινδυνεύοντας
701 368 794 429 άθλων
795 347 904 445 ,μέίζοο

146 479 195 523 νας
208 457 351 531 ὑπομένειν
362 455 548 521 κακοπαθείας
560 459 616 520 τοίς
628 476 655 510 τε
638 456 773 554 σῶμασι
787 457 904 525 καὶτοῖς

143 543 272 643 χρήμασι·
284 542 346 606 τούς
360 540 388 595 δέ
401 527 650 646 περδέλαττόνρον,
634 560 718 607 ησσον
732 544 902 611 ἐνοχλεῖσθαι

146 648 198 682 κατ
198 621 378 700 ὀίμφότερα
397 625 460 689 τοὺς
479 623 508 680 δέ
522 622 626 725 περίμ
606 623 719 695 μηδενὸς
738 624 899 693 δεδοικότας,

145 709 228 782 μηδέν
241 710 419 776 κακοπαθεῖν,
433 709 484 762 τῶν
496 708 545 780 μέν
556 705 688 782 εἰσφορῶν
701 705 901 780 άπολυομένους

147 793 193 850 διά
205 793 253 862 τὴν
265 789 389 867 άπορίαν,
403 792 455 846 τῶν
469 791 497 847 δέ
509 794 651 866 στρατειῶν
665 791 710 848 διά
722 793 771 860 τὴν
784 789 833 848 οδκ
846 791 901 852 είσ·

148 877 244 949 φοροίν.
271 872 304 932 οὗ
325 877 378 951 γάρ
397 876 548 949 ἐλάμβανον
571 880 600 932 ίκ
618 878 668 930 τοίι
688 875 817 947 δημοσίου
841 880 900 934 τότε

145 956 274 1030 Ῥωμαῖοι
293 961 497 1039 στρατιωτικοὺς
513 960 647 1032 μισθοδς,
667 956 802 1026 άλλάτοῖς
822 959 900 1020 wione

148 1047 247 1102 τέλεσιν
260 1042 457 1118 ἐστρατεύοντο.
472 1039 572 1113 σῶτεδή
584 1044 709 1118 χρήματα
721 1049 901 1120 συνεισφέρειν
938 1062 941 1067 ·

148 1128 212 1193 τοὺς
226 1123 275 1184 οὗκ
288 1127 393 1198 ἕξοντας
403 1127 511 1184 δπδθεν
523 1128 744 1194 συνεισοίσουσιν,
768 1126 836 1185 άλλά
848 1131 900 1186 τῶν

149 1207 215 1269 καθ’
235 1208 336 1286 ἡμέραν
359 1208 512 1283 άναγκαίοιν
530 1208 732 1286 ἀπορουμένους
752 1207 815 1285 ᾤετο
835 1212 900 1278 δεῖν,

149 1291 212 1352 οὔτε
223 1295 306 1369 μηδέν
324 1295 559 1370 συμβαλλομένους
576 1294 771 1370 στρατεύεσθαί
787 1318 861 1362 τινας
873 1300 902 1353 ἐκ

149 1382 201 1436 τῶν
227 1377 370 1454 οἷλλστρλονν
389 1375 615 1454 ὀψωνιαζομένους
629 1381 786 1454 χρημάτων,
813 1376 901 1456 ῶσπερ

149 1465 212 1529 τοδς
226 1464 426 1538 μισθοφόρους.

211 1547 277 1607 ΧΧ.
303 1551 407 1605 Τοῦτον
428 1546 457 1604 δέ
475 1549 523 1603 τδν
540 1542 676 1630 τρέπον“
655 1568 729 1606 απαν
748 1546 852 1614 ἐπιθείς
870 1549 901 1606 τδ

148 1634 232 1707 βάρος
244 1635 300 1697 τοῖς
310 1632 452 1697 πλουσίοις
464 1633 515 1688 τῶν
532 1651 559 1687 τε
572 1629 700 1687 κινδύνων
713 1632 757 1688 καί
770 1635 821 1689 τῶν
835 1630 902 1689 οίνα-

147 1715 315 1790 λομάτονν,
297 1738 331 1781 ας
340 1711 440 1773 είδεν’
421 1717 640 1790 αγανακτοῒιντας
652 1711 757 1783 αυτούς,
771 1713 804 1772 δι’
810 1716 902 1792 ἑτέρου

148 1803 252 1902 τρόπον
265 1799 314 1865 τὴν
328 1819 355 1854 τι
368 1795 541 1870 έθομίαν’
505 1801 593 1855 αυτῶν
605 1801 833 1875 παρεμυθήσατο,
853 1801 901 1855 καί

148 1884 196 1950 τήν
214 1879 299 1983 δρρήν
316 1879 441 1956 ἐπράΰνε,
468 1885 646 1955 πλεονέκτημα
663 1883 885 1959 δορησάμενσςβ
875 1889 901 1949 εξ

149 1952 183 2020 οδ
196 1965 284 2034 πάσης
296 1963 439 2036 εμελλον
408 1985 453 2033 της
463 1968 595 2068 πρλιτείας
603 1966 756 2024 ἔσεσθαι’
727 1989 822 2074 κυριρι,
837 1989 900 2033 τους

148 2050 261 2118 πένητας
279 2043 496 2115 άπελάσαντες’
478 2049 533 2104 απὸ
554 2052 605 2106 τῶν
624 2053 733 2118 κοινῶς·
755 2052 800 2108 καί
816 2072 900 2108 τουτο

150 2132 357 2206 διαπραξάμενος
381 2133 464 2191 ἔλαθε
487 2133 550 2199 τούς
569 2124 777 2206 δημοτικούς.
762 2157 795 2206 ην
818 2134 849 2191 δέ
868 2137 900 2191 τδ

148 2220 330 2288 πλεονέκτημα
343 2218 403 2294 περί
414 2219 461 2282 τάς
473 2217 617 2287 ἐκκλησίας,
640 2223 669 2276 έν
681 2214 723 2285 αἷς
735 2222 770 2274 τά
785 2221 899 2295 μέγιστα

149 2302 326 2377 ίπεκυρουντσ
355 2301 407 2358 ὖπδ
425 2302 474 2358 τοίι
495 2299 588 2372 δήμου.
617 2305 717 2379 εἴρηται
738 2302 767 2358 δέ
785 2324 832 2373 μοι
853 2304 902 2358 καὶ

149 2381 310 2462 πρότερον
294 2407 335 2442 οτι
348 2388 425 2491 τριῶν
443 2387 605 2487 πραγμάτων
618 2408 632 2443 ο
624 2386 728 2459 ’δῆαος
740 2389 816 2441 έκἹ
781 2406 809 2439 τι
811 2407 833 2440 ν
846 2408 900 2442 πα-

149 2471 230 2526 λαιῶν
243 2470 371 2543 νδμον’
343 2491 432 2573 κυριος
444 2489 484 2538 ην,
501 2471 553 2526 τῶν
573 2470 702 2544 μεγίστων
713 2488 742 2524 τε
755 2467 799 2523 καί
813 2466 899 2541 οἰναγ-

149 2557 305 2623 καιοτιίτων,
318 2552 400 2630 άρχάς
418 2551 555 2619 αποδεῖξαι
575 2556 621 2619 τάς
640 2574 666 2610 τε
679 2574 747 2609 κατα
740 2555 837 2609 πόλιν
852 2555 900 2610 καί
