1890 2970
176 112 448 182 εαττουετετυα
465 113 599 166 nom.
616 114 679 166 ιτα.
696 117 740 166 εν.
780 120 829 175 107

145 214 277 276 LXVIII.
306 220 349 292 Τῷ
362 215 532 292 άνδρλτούτῳ
542 222 630 295 πατὴρ
642 221 690 293 μὲν
705 208 737 290 ῆν
750 225 831 297 Μύρ-

76 323 125 368 ιιος
136 298 253 371 Ἰούνιος,
268 304 381 368 ἑνύςτῶν
395 304 444 358 σύν
456 301 549 378 Αἰνείᾳ
562 306 609 374 τῆν
622 302 751 362 άποικίαν
765 327 831 361 οτει·

77 389 181 443 λάντων
195 385 338 460 άπόγονος,
363 391 391 442 ίν
404 389 459 450 τοῖς
472 390 691 457 ἐπιφανεστάτοις
704 392 755 445 τῶν
762 388 832 445 Ῥοι-

76 473 165 544 μαίων
179 467 384 544 ἀριθμούμενος
397 465 430 526 δι’
443 469 554 545 άρετῆν·
579 474 666 548 μῆτηρ
681 473 709 528 δι’
725 483 828 548 Ταρκυ·

76 555 132 621 νία,
148 556 340 629 τοῦπρότερον
359 555 484 626 βασιλέως
513 557 665 632 Ταρκυνίου
688 560 829 631 θυγάτηρ·

77 634 161 702 αύτός
177 638 204 692 δύ
217 642 317 713 τροφῆς
330 659 356 694 τε
371 638 413 694 καί
427 638 550 703 παιδείας
570 642 657 710 πάσης
669 643 715 710 τῆς
734 645 830 708 ἐπιχω-

76 723 140 795 ρίου
152 724 282 795 μετέλαβε,
298 721 343 778 καί
352 721 434 794 φύσιν
447 716 498 792 εἶχε
510 725 577 797 πρὸς
589 720 669 781 ούδὲν
681 725 733 780 τῶν
746 728 830 783 καλῶν

76 803 317 881 άντιπράττουσαν.
336 805 393 862 ίπεί
413 805 441 861 δὲ
457 806 570 862 Τύλλιον
588 805 745 873 άποκτείνας
761 818 830 882 Ταρ-

76 889 185 957 κύνιος,
204 892 253 945 σύν
273 886 361 955 ἄλλοις
380 888 624 964 άνδράσιπολλοῖς
646 892 692 949 καί
711 890 831 966 άγαθοῒς

77 973 127 1031 καὶ
140 974 187 1029 τδν
197 974 300 1032 ίκείνου
311 976 414 1048 πατέρα
425 975 579 1049 διεχρήσατο
593 973 693 1048 άφανεῖ
705 978 830 1050 θανάτῳ·

78 1052 114 1114 δι’
128 1054 255 1113 ούδὲν
224 1079 272 1130 μεν
285 1055 413 1130 άδίκημα,
433 1060 482 1114 τού
501 1057 530 1114 δὲ
546 1059 666 1116 πλούτου
684 1059 831 1135 προαχθείς

77 1139 115 1207 εἰς
128 1137 316 1215 ἐπιθυμίαν,
300 1163 332 1196 ον
346 1143 498 1208 ἐκπαλαιᾶς
509 1163 538 1199 τε
549 1143 596 1200 καί
581 1148 767 1250 προγονικῆς
779 1166 832 1201 πα·

77 1226 205 1301 ραλαβιύν
237 1221 358 1295 εύτυγίας
383 1228 520 1295 ἐκέκτητο·
544 1226 591 1284 καί
615 1229 665 1285 σύν
689 1223 761 1301 αύτῷ
783 1230 830 1284 τὸν

76 1308 264 1385 πρεσβύτατον
281 1304 385 1365 υἶύν’
356 1311 456 1383 ευγενές
466 1329 492 1365 τι
505 1311 629 1384 φρόνημα
644 1311 829 1384 διαφαίνοντα,

77 1415 128 1450 και
117 1392 219 1447 τδ
184 1415 221 1465 μη
240 1395 386 1468 τιμωρῆσαι
412 1392 448 1466 τῷ
464 1396 577 1469 θανάτῳ
595 1397 644 1453 τού
663 1398 762 1471 πατρὸς
781 1391 830 1451 ούκ

77 1477 114 1535 ύν
128 1476 325 1548 ὑπομείναντα·
345 1480 402 1542 νέος
414 1476 450 1532 ὢν
462 1477 479 1534 ὁ
491 1477 614 1553 Βροῦτος
626 1479 664 1536 ἔτι
677 1479 722 1535 καί
734 1478 832 1554 κομιδῆ

78 1562 212 1636 βοηθείας
225 1564 378 1635 συγγενικῆς
390 1561 490 1637 ἔρημος,
504 1561 581 1637 ἔργον
593 1565 741 1638 ἐπεχείρησε
754 1566 832 1632 ποιῆ-

77 1668 127 1703 σαι
141 1646 246 1700 πάντων
263 1645 472 1719 φρονιμώτατον,
493 1649 644 1702 ἐπίθετον*
634 1649 731 1703 εαυτού
745 1667 832 1702 κατα-

80 1730 240 1836 μεύσασθαι
259 1730 378 1804 μωρίαν·
404 1729 451 1786 καί
475 1727 637 1804 διὲμεινεν”
618 1751 724 1787 απαντα
743 1734 790 1787 τύν
806 1734 833 1795 ίξ

80 1814 184 1872 εκείιου
192 1811 331 1886 γρόνον,“’
316 1834 361 1877 εαις
373 1833 407 1870 ου
395 1801 469 1871 τδν
480 1815 629 1886 ίπιτῆδειον
649 1814 719 1880 εδοξε
737 1817 832 1914 καιρὸν

78 1897 154 1968 ἔχειν,
170 1901 310 1968 φυλάττων
323 1899 354 1954 τύ
373 1898 598 1972 προσποίημα”
567 1920 613 1968 της
631 1897 739 1963 άνοίας·
760 1903 787 1966 ἐξ
798 1884 832 1954 ού

80 1981 108 2036 δὲ
122 1981 219 2050 ταύτης
232 2002 303 2051 ετυχε
316 1986 361 2052 τῆς
378 1983 534 2056 ἐπωνυμίας,
558 1979 632 2040 τοῦτ’
653 1980 735 2040 αύτδν
756 1983 833 2058 ἐρ’ρύ·

80 2085 147 2122 σατο
160 2064 268 2137 μηδὲν
257 2067 309 2120 υπὸ
323 2068 370 2121 τού
383 2069 516 2140 τυράννου
526 2071 642 2133 παθεῖν,
670 2070 772 2124 πολλῶν
787 2066 832 2122 και

80 2147 197 2222 άγαθῶν
210 2147 312 2223 άνδρῶν
325 2145 521 2224 άπολλυμένων.

143 2229 247 2289 LXIX.
282 2236 497 2307 Καταφρονὴσας
513 2235 565 2309 γάρ
585 2234 602 2290 δ
622 2234 769 2307 Ταρκύνιος
787 2236 831 2300 τῆς

79 2315 210 2386 δοκούσης
228 2309 296 2371 εἶναι
308 2315 367 2389 περί
385 2313 482 2386 αύτύν,
495 2313 550 2374 ἄλλ’
571 2313 604 2374 ού
624 2313 679 2373 κατ’
700 2316 831 2387 άλῆθειαν

80 2399 250 2474 ύπαρχούσης
255 2400 362 2472 μωρίας,
378 2397 537 2475 άφελόμενος
550 2398 657 2458 άπαντα
664 2402 698 2456 τά
712 2398 821 2476 πατρῷα

78 2486 162 2556 μικρά
176 2481 204 2540 δ’
218 2481 253 2549 εἰς
266 2485 312 2538 τύν
326 2479 392 2540 καθ’
406 2478 505 2562 ἡμέραν
523 2486 587 2558 βίον
605 2488 773 2561 ἐπιχορηγῶν,
795 2480 829 2540 ὥς

81 2569 166 2624 παῖδα
180 2564 299 2644 ὀρφανὸν
312 2568 460 2646 ἐπιτρόπων
480 2569 604 2644 δεόμενον
624 2570 770 2646 ἐφύλαττεν
784 2562 828 2639 ἴστ’
