1890 2970
158 49 574 163 ιυτιφτιτιττιιιιοειεει.
593 93 698 147 των.
760 103 809 157 185

56 222 139 278 τερον,
152 201 304 276 ἐθάῤῥησεν
317 198 528 266 άντιποιεῖσθαι,
540 198 585 255 καί
599 201 740 272 ψηφίζεται
751 200 811 258 κοι-

54 286 89 362 νῇ
100 287 149 361 μὲν
162 284 323 361 ἀμφοτέροις
342 288 398 350 τοῖς
411 282 521 354 ὑπάτοις
537 285 679 358 θριάμβου
693 306 812 359 καταγω-

54 372 116 446 γήν,
131 369 187 445 ἶόίφ
201 370 229 425 δέ
242 371 349 444 θατέρῳ
366 371 417 424 τῶν
430 365 534 443 άνόρῶν
557 363 691 441 Οὐαλερίῳ
713 369 812 442 όωρεάν

55 457 140 512 τόπον
153 452 187 518 εἷς
213 457 316 525 οἴκησιν
336 459 363 508 έν
382 452 417 526 τῷ
436 453 568 525 κρατίστῳ
589 455 638 507 τοῦ
652 454 812 509 Παλαντίου

56 541 159 613 [τόπῳ]
174 537 301 607 όοθῆναι,
317 537 363 593 καὶ
376 539 422 601 τάς
435 532 471 600 εἷς
482 537 530 606 τήν
543 537 710 606 κατασκευήν
724 537 811 592 όαπά·

55 643 104 687 νας
116 626 145 679 ἐκ
159 624 208 679 τοῦ
227 621 358 696 δημοσίου
376 623 564 693 χορηγεῖσθαι.
591 619 689 690 ταύτης
713 624 759 690 τῆς
773 620 810 677 οἰ-

53 709 122 773 κίας,
136 702 198 781 παρ’
212 700 246 775 ἣν
259 707 400 774 όχαλκοῖις
413 702 504 775 ἕστηκε
516 705 623 780 ταῦρος,
639 703 668 759 αἶ
681 705 811 770 κλισιάδες

54 791 144 866 θόραι
155 793 295 864 μόναιτῶν
308 795 336 846 ἐν
345 789 379 864 τῇ
391 785 475 863 Ῥώμῃ
490 788 627 862 δημοσίων
639 809 666 845 τε
678 790 724 845 καί
738 787 810 845 ἲόιω-

55 877 135 932 τικῶν
148 878 226 932 οἷ’κων
238 871 274 941 τίς
285 877 316 931 τό
330 874 375 938 έξω
387 876 467 948 μέρος
481 870 644 948 άνοίγονται.

58 1023 131 1074 Coss.
150 1027 175 1073 P.
197 1023 305 1075 Valerio
316 1022 459 1090 Poplicola
473 1024 524 1072 IV.
545 1031 572 1072 et
588 993 619 1071 Τί
635 1022 759 1071 Lucretio
769 1022 809 1070 ΙΙ.

219 1091 317 1142 bellum
333 1091 461 1141 Sabinum
476 1091 645 1141 recrudescit.

117 1211 180 1270 XL.
203 1214 289 1287 Παρά
309 1211 338 1268 δι’
356 1213 457 1268 τούτων
476 1211 528 1266 τῶν
541 1208 644 1284 άνόρῶν
657 1213 810 1283 ίκόέχονται

55 1299 104 1364 τήν
128 1293 233 1353 ὕπατον
260 1295 344 1371 άργὴν
365 1297 487 1358 Πόπλιος
508 1290 651 1370 Οὐαλέριος
671 1297 810 1403 όκληθείς

55 1382 236 1446 Ποπλικόλας,
252 1384 283 1436 τό
302 1381 428 1453 τέταρτον
440 1374 529 1452 άργειν
549 1378 682 1454 αἱρεθείς,
701 1382 747 1437 καί
764 1382 809 1437 Τι’-

16 1534 18 1539 ,
55 1466 272 1563 τοςΛουκρητιος
285 1486 315 1520 το
306 1464 501 1540 ’όεότερον
465 1484 500 1518 τοι
520 1460 653 1540 Οὗαλιρίῳ
665 1466 809 1540 συνάρχων

55 1544 97 1619 ἐφ’
113 1569 147 1603 ων
160 1544 274 1614 άπαντες
286 1547 447 1622 οίΣαβῖνοι,
462 1569 555 1617 κοινην
568 1550 742 1622 ποιησάμενοι
760 1552 810 1604 τῶν

56 1630 190 1688 πόλεων’
172 1635 282 1739 αγοράγ,
296 1634 465 1706 ἐψηφίσαντο
474 1627 617 1706 Ῥωμαίοις
629 1631 795 1705 πολεμείν,“
777 1654 811 1697 ως

56 1718 201 1790 λελυμένων
215 1719 293 1788 σφίσι
306 1721 357 1773 τῶν
366 1716 496 1781 σπονόῶν,
511 1717 599 1783 πειόη
607 1717 731 1786 βασιλευς
741 1727 810 1792 Ταρ-

56 1801 147 1865 κύνιος
164 1804 264 1866 ἐξέπεσε
276 1805 322 1871 τῆς
335 1800 422 1877 άρηῆς,
437 1802 502 1874 πρός
516 1795 546 1856 όν
571 1796 731 1870 λποιήσαντο
749 1801 810 1865 τοὺς

56 1883 166 1962 ὅρκους·
179 1888 334 1951 πεισθέντες
347 1885 401 1942 ὑπό
411 1889 520 1953 Σέξτου,
534 1887 655 1960 θατέρου
668 1888 719 1942 τῶν
736 1894 808 1959 Ταρ-

57 1972 152 2025 κυνίου
168 1969 270 2028 παίδων
275 2015 283 2039 ,
313 1966 342 2036 ός
355 1965 454 2036 αότοάς
466 1966 522 2043 ίόίῳ
542 1970 701 2045 θεραπεόων
713 1971 758 2026 καὶ
773 1972 811 2025 λι-

57 2056 149 2129 πυρῶν
160 2055 221 2119 τούς
234 2055 510 2122 όυνατοόςέξέκάστης
521 2054 626 2121 πόλεως,
637 2057 811 2126 ἐξεπολέμωσε

57 2159 135 2210 κοινη
124 2135 239 2213 [πρός]
254 2141 363 2206 πάντας,
391 2137 437 2194 καὶ
450 2139 635 2213 προσηγάγετο
650 2137 699 2192 όίιο
714 2141 809 2204 πόλεις,

59 2221 177 2290 Φιόίηιηι
192 2221 236 2276 καὶ
260 2223 416 2297 Καμερίαν,
432 2218 567 2294 Ῥωμαίων
585 2223 633 2290 μέν
648 2218 809 2289 άποοτηοοις,

55 2307 163 2370 ε’κείνοις
184 2304 212 2360 δέ
230 2310 379 2380 συμμαχειν
397 2308 503 2371 πείσας·
527 2301 592 2360 ἄνθ’
612 2291 647 2359 ὧν
667 2300 797 2360 αὐτόνε
769 2327 810 2359 αι-

55 2410 165 2463 ρουνται
179 2393 326 2463 στρατηγόν
341 2385 540 2464 αὐτοκράτορα,
559 2410 604 2444 και
595 2387 765 2459 όννάμεις’
752 2410 808 2444 επι-

56 2475 198 2548 τρέπουσιν
211 2473 265 2538 ἐξε
249 2475 356 2543 ιιπάσης
368 2475 466 2540 πόλεως
478 2473 666 2547 καταγράφειν,
687 2469 721 2537 ὥς
737 2475 810 2528 ἐν
776 2495 808 2550 τη

59 2561 172 2635 προτέρῳ
184 2559 256 2635 μάχη
276 2554 309 2615 δι’
324 2556 466 2617 ἀσθένειαν
480 2557 614 2632 δυνάμεως
627 2555 672 2613 καὶ
692 2567 807 2637 στρατη·
