1890 2970
10 40 26 71 r.
58 40 61 43 .

10 39 54 191 ζ
170 107 447 177 ANTIQVITATVM
465 108 599 161 ROMAN.
619 108 683 160 ΜΒ.
701 109 746 159 ΙΙΙ.
780 113 830 167 ὀδό

10 194 43 275 ’ί
67 212 112 271 καί
124 217 152 270 ίν
166 219 262 292 ἑτοίμῳ
277 217 393 291 δύναμιν
406 217 583 292 ἐπαγόμενος,
609 211 659 272 οὔκ
685 215 723 272 ἔτι
738 216 766 272 δὲ
781 236 829 271 κα-

17 326 35 367 s
64 301 192 374 ταλαβεῖν
207 299 446 374 αὖτούςφθοίσας,
472 299 508 365 είς
535 303 582 371 τὴν
610 301 716 356 ἐκείνων
736 300 829 376 χώραν

25 404 35 465 ¹j
64 387 179 458 ἐνέβαλε,
194 387 240 442 καὶ
253 390 286 444 τοί
301 384 382 459 ὅμοια
397 389 514 455 διέθηκε.
547 388 659 442 τοιαῦτα
686 387 828 460 συνέβαινε

23 514 27 521 .
65 472 151 526 πολλοὶ
162 476 300 547 παραλλόξ
312 476 444 548 ἑκατέροις
463 473 508 529 ε’πί
529 472 577 536 τός
603 471 719 545 ὁμόρους
740 472 828 547 χώρας

63 560 312 632 ἐκστρατευομένοις
326 559 498 631 ἐλαττώματα
512 577 540 612 τε
560 556 605 613 καί
633 557 826 627 πλεονεκτήμα-

63 662 105 698 τα.
131 644 181 714 μία
195 643 223 698 δι’
237 639 325 700 αὐτῶν
339 649 367 700 ἐκ
381 645 551 720 παρατάξεως
562 644 663 714 ἐγένετο
676 643 757 714 μοίχη,
777 649 826 695 Φι-

63 726 143 797 δήνης
156 729 256 792 πόλεως
271 729 393 799 πλησίον,
408 726 526 790 διποίυαις
545 728 740 800 συμβαλόντων
767 729 825 787 ταῖς

63 812 217 884 δυνάμεσιν.
243 817 271 868 ίν
284 801 302 889 ᾗ
314 815 406 870 πολλοί
420 815 468 885 μὲν
480 812 575 869 ἔπεσον
586 778 753 888 οἶμφοτέρωί,
769 810 825 867 ίνί-

62 918 150 966 κησαν
164 895 339 968 δίῬωμαίαι,
354 897 400 953 καί
412 898 550 960 Λατίνους
563 894 822 972 ἠνιίγκασανλιπόν-

12 980 15 989 ’
62 1003 108 1046 τας
132 985 181 1039 τόν
204 987 314 1058 χιίρακα
341 984 445 1059 νίκτωρ
470 980 504 1048 εἷς
533 984 580 1048 τοὶς
606 984 707 1039 ίαυτῶν
734 982 821 1045 πόλεις

61 1064 200 1124 υίπελθεῖν,

127 1151 172 1209 LI.
192 1156 274 1209 Μετοί
288 1154 316 1209 δὲ
329 1155 376 1209 τόν
390 1152 483 1229 οίγόινα
503 1154 615 1220 τοῦτον,
643 1151 707 1224 ἔχων
729 1173 816 1208 συνιε·

58 1240 194 1312 ταγμίνην
207 1240 255 1308 τήν
265 1233 402 1311 Ῥωμαίων
416 1237 532 1312 δύναμιν
554 1239 570 1295 δ
593 1237 749 1312 Ταρκύνιος,
776 1239 819 1294 ίπί

58 1325 105 1389 τιὶς
116 1324 204 1389 πόλεις
218 1320 307 1380 αὐτῶν
326 1323 427 1399 ἐχώρει,
456 1325 551 1397 λόγους
576 1324 733 1400 προσφέρων
758 1323 819 1397 περί

58 1409 158 1480 φιλίας.
188 1407 214 1464 οἱ
230 1405 253 1464 δ’
268 1403 326 1464 οὔτ’
340 1414 368 1464 ἐν
383 1410 418 1482 τῷ
432 1410 511 1483 κοινῷ
525 1411 692 1465 συνεστῶσαν
719 1408 818 1477 ἔχοντες

57 1494 183 1566 δύναμιν,
199 1490 261 1549 οίίτε
274 1498 333 1560 ταῖς
344 1492 425 1557 ἰδίαις
444 1497 626 1570 παρασκευαῖς
644 1495 814 1558 πεποιθότες,

55 1580 178 1648 ἐδέχοντο
192 1581 238 1644 τιίς
256 1581 427 1656 προκλήσεις,
455 1579 502 1636 καί
523 1578 705 1657 παρεδίδοσαν
729 1573 815 1635 αὐτῶν

56 1685 122 1727 τινες
135 1666 181 1729 τιίς
195 1667 290 1730 πόλεις,
306 1664 417 1740 δρῶντες
431 1661 474 1720 ότι
488 1668 547 1728 ταῖς
559 1665 607 1736 μέν
621 1661 749 1728 ἁλοίισαις
769 1684 816 1717 κα·

54 1753 88 1804 τοὶ
104 1749 203 1821 κροίτσς
217 1746 438 1824 ἄνδραποδισμοί
450 1771 477 1804 τε
490 1747 666 1820 ἠκολοίιθουν
680 1747 815 1804 καίκατα·

54 1835 173 1905 σκαφαί·
201 1837 260 1899 ταῖς
275 1835 302 1890 δὲ
323 1833 543 1911 προσχωρούσαις
569 1830 635 1891 καθ’
661 1833 813 1908 ὁμολογίας,

54 1921 86 1974 τό
97 1923 257 1991 πειθαρχεῖν
272 1924 326 1985 τοῖς
339 1920 511 1995 κεκρατηκόσι
524 1920 615 1993 μόνον,
629 1915 694 1976 όίλλυ
709 1919 737 1975 δὲ
751 1916 814 1988 ιίνὴ·

54 2023 148 2059 κεστσν
162 2000 248 2061 οὐδὲν.
264 2007 430 2080 πρῶτονμὲν
443 1993 493 2061 οὗν
511 2005 653 2075 Φιδηναῖοι
666 2007 813 2081 προσίθεν·

53 2109 94 2153 το,
110 2090 186 2153 πόλις
200 2087 344 2164 οίξιόλογος,
359 2091 404 2147 ἐπὶ
417 2092 598 2164 συγκειμένοις
616 2089 671 2146 τισὶ
690 2091 812 2157 δικαίοις,

53 2174 145 2230 ἔπειτα
160 2173 186 2230 οἱ
199 2179 370 2251 Καμαρίνοι’
398 2169 441 2242 αἷς
453 2174 647 2247 ἠκολοίιθησαν
666 2172 744 2232 οίλλαι
770 2196 813 2230 τιὠ

53 2261 96 2323 νίς
111 2261 232 2328 πολίχναι
245 2260 348 2335 μικραί,
370 2261 414 2317 καί
441 2260 559 2336 φρούρια
583 2262 674 2336 ίχυροί.
702 2255 744 2331 ἐφ’
771 2251 812 2320 οἷς

51 2347 233 2417 ταραχθέντες
246 2344 272 2400 οἱ
285 2344 376 2403 λοιποί
390 2349 516 2411 Λατῖνοι,
544 2344 590 2401 καί
616 2345 749 2408 δείσαντες
771 2344 809 2418 μὴ

52 2432 108 2484 πᾶν
123 2423 168 2500 ὑφ’
182 2429 268 2503 ἑαυτρί
281 2432 421 2500 ποιήσεται
435 2430 523 2503 ἔθνος,
549 2427 584 2496 εἷς
608 2429 695 2498 τήνίν
711 2437 810 2503 Φερεν-

53 2515 98 2588 τίρι
113 2518 287 2582 συνελθόντες
301 2513 419 2592 ιίγοροίν,
440 2516 610 2590 ἐψηφίσαντο
624 2515 673 2583 τήν
685 2536 713 2570 τε
727 2513 809 2569 υίκεί-

53 2620 85 2655 αν
103 2599 217 2669 δόναμιν
230 2604 257 2664 ἐξ
268 2599 375 2672 διποίσης
387 2603 484 2667 πόλεως
497 2601 606 2676 ίξιίγειν,
622 2599 666 2658 καί
680 2601 731 2656 τῶν
744 2606 810 2670 πλη·
