1890 2970
136 146 149 197 ¹
206 159 483 229 κατιρνιεκτνα
500 157 638 215 nom.
653 161 718 216 mn.
732 163 780 218 m
831 171 883 228 309

122 264 220 348 άγουοι
232 263 435 342 Ῥωμαίοικαθ’
448 265 699 335 ἕκαστονίνιαυτόν,
715 262 781 327 ὅταν
794 264 880 327 άπαν-

123 359 208 420 ταςίκ
220 357 270 431 γῆς
281 355 465 431 συγκομίσωσι
478 353 541 417 τούς
553 351 689 428 καρπούς·
708 352 756 408 καί
769 356 816 410 τὸν
829 359 880 412 τῶν

124 441 233 496 Σαλίων
253 442 423 512 καλουμένων
444 439 627 496 διπλασιάσειν
654 435 784 513 άριθμόν.
802 427 879 498 οὗτοι

122 520 147 579 δ’
161 522 213 582 ιίολ
228 527 348 601 πατίρων
362 521 484 601 εὔγενῶν,
509 524 649 589 ἐνοπλίους
662 520 782 600 ὀρχήσεις
794 526 880 582 κινοί-

120 629 197 683 μενοι
209 612 276 684 πρὸς
289 607 372 667 αὐλάν
390 614 488 674 ἐντοῖς
512 610 669 679 καθήκουσι
691 612 806 685 χρόνοις,
835 611 880 668 καί

121 689 225 767 ῶμνους
237 697 311 761 τινάς
323 691 433 772 ρ’ίάσντες
457 694 595 771 πατρίους,
622 692 655 759 ῶς
674 697 702 750 ἐν
715 693 751 768 τῷ
762 699 881 774 προτέρῳ

122 776 257 850 ῶείλήλωκα
271 783 347 856 λόγῳ.
372 783 440 855 μετά
455 780 482 836 δι’
507 783 556 851 τήν
569 774 648 850 εὐχήν
661 778 762 848 ταῶτην
775 783 879 856 θάρσος

119 884 146 920 τι
159 867 359 940 καταλαμβάνει
372 867 434 933 τούς
443 862 605 937 Ῥωμαίους,
624 863 669 920 καί
687 860 774 938 ῶσπερ
794 863 877 938 άκμή·

118 972 159 1017 τες
172 947 208 1016 είς
219 953 373 1026 κάμνοντας
384 948 526 1025 ῶσάμενοι,
541 949 672 1007 διασπῶσι
686 951 732 1016 τάς
738 949 878 1016 τάξειςαά-
908 988 911 993 -

116 1038 170 1092 τῶν
182 1037 243 1112 περί
263 1037 350 1108 δείλην
366 1033 450 1111 ὀψίαν
461 1032 527 1107 ήδη,
552 1035 599 1092 καὶ
616 1032 797 1109 ἀναγκάζουσι
816 1039 878 1103 τούς

117 1124 310 1197 πρωτοστάτας
342 1117 422 1198 άρξαι
452 1126 555 1197 φυγῆς·
588 1118 822 1192 άκολουθήσαντὲς
848 1145 875 1182 τε

116 1202 212 1272 αὐτοῖς
238 1208 386 1281 φεύγουσιν
413 1207 457 1263 ἐντί
483 1209 531 1263 τὸν
553 1209 672 1280 χάρακα,
694 1205 814 1285 καὶπερὶ
831 1212 877 1277 τάς

114 1293 236 1366 τάφρους
249 1292 339 1367 πολλῶ
357 1293 464 1359 πλείους
482 1293 690 1366 καταλαβόντες,
713 1289 772 1349 οὐδ’
792 1290 876 1360 οὕτως

110 1375 307 1451 ’άπειρίποντα
335 1376 402 1433 άλλά
428 1377 638 1450 παραμείναντες
663 1378 711 1447 τήν
744 1381 874 1436 ἐπιοῦσαν

115 1462 210 1528 κάκτοι,
223 1460 270 1519 καί
284 1463 347 1526 τούς
355 1460 409 1518 άπὸ
418 1461 774 1537 τοῶίρίιματοςμαχομίνους
783 1463 873 1539 άνείρ-

115 1553 215 1614 ξανττς,
228 1550 377 1624 ἐκράτησαν
402 1550 449 1615 τῆς
471 1549 652 1621 παρεμβολῆς.
671 1550 739 1619 μετά
753 1548 781 1605 «λε’
792 1550 873 1605 τοῦτο

115 1635 148 1688 τά
163 1631 249 1707 ἔργον,
264 1628 330 1702 ὅσην
343 1631 488 1705 ἐβούλοντο
506 1634 557 1704 γῆν
568 1634 621 1687 τῶν
636 1635 761 1705 Σαβίνων
781 1636 872 1703 λεηλα-

113 1717 247 1786 τήσαντες,
261 1716 295 1783 ῶς
308 1712 394 1782 οὗῶείς
406 1713 498 1782 αὐτοῖς
515 1713 564 1774 οὒκ
579 1715 616 1772 ἔτι
635 1716 694 1794 περὶ
721 1719 764 1784 τῆς
785 1718 872 1792 χώρας

112 1791 344 1875 ὄμαχάμενοςήν,
364 1798 485 1876 άπήεοαν
507 1797 548 1857 ἐπ’
574 1804 660 1856 οἴκου.
693 1797 748 1856 άπὸ
773 1803 872 1873 ταάτης

112 1888 160 1956 τῆς
171 1888 255 1958 μάχης
268 1889 316 1943 τάν
328 1887 419 1962 τρίτον
441 1887 574 1961 κατήγαγε
591 1887 733 1962 θρίαμβον
752 1889 768 1943 ὁ
792 1890 872 1962 βασι-

109 1970 186 2035 λείις·
199 1971 245 2026 καλ
256 1967 311 2045 μετ’
325 1968 358 2028 οὗ
371 1971 440 2029 πολὺ
459 1973 700 2046 πρεσβευσαμένοις
716 1976 772 2037 τοῖς
786 1975 871 2048 Σαβί-

109 2076 170 2120 νοις
183 2054 342 2112 καταλάεται
360 2059 407 2113 τὸν
420 2058 544 2131 πόλεμον,
564 2054 748 2130 αἰχμαλώτους
768 2079 793 2112 τε
806 2053 869 2132 παρ’

109 2137 203 2199 αὗτῶν
217 2143 400 2215 κομισάμενος,
415 2136 463 2206 οὓς
475 2140 620 2218 ίτίγχανον
628 2140 761 2214 είληφότες
771 2146 800 2197 ἐν
811 2146 869 2205 ταῖς

108 2230 268 2302 προνομαῖς,
282 2223 514 2298 καλαῦτομάλους·
528 2224 793 2300 βοσκημάτωντεκαὶ
802 2225 866 2282 ὓπο-

109 2313 215 2388 ζυγίων,
224 2313 270 2369 καί
278 2313 329 2367 τῶν
349 2307 579 2384 άλλωνγρημάτων
593 2307 644 2367 ὅσα
657 2310 719 2373 τούς
736 2311 868 2385 γιωργοὺς

108 2396 261 2470 άφείλσντο,
283 2391 437 2464 ήνέταξενή
452 2398 538 2470 βουλή
558 2391 749 2468 τῶνῬωμαίων
763 2394 865 2468 ζημίαν,

108 2484 274 2556 τιμησαμένη
286 2484 335 2546 τάς
345 2481 451 2555 βλάβας
458 2482 525 2556 πρὸς
537 2478 675 2558 άργίριον,
690 2476 852 2552 ἀναπράξας.

170 2564 309 2626 XXXIII.
329 2560 391 2623 Ἐπί
409 2564 514 2631 τούτοις
527 2565 739 2637 καταλυσάμενοι
752 2567 798 2620 τὸν
810 2566 865 2623 πά-

109 2653 189 2725 λιμον
203 2650 230 2710 οἶ
242 2654 369 2727 Σαβῖνοι,
382 2649 427 2708 καί
441 2653 492 2706 τῶν
510 2650 659 2726 ὁμολογιῶν
679 2651 778 2721 στήλας
797 2645 871 2706 &vu-
