1890 2970
135 89 185 148 186
220 127 223 131 .
253 82 411 134 οιοιιιειι
428 80 772 135 πιεισιιιυιεειικεω

133 190 185 270 μοίλ
198 188 302 267 μωρίαν
316 189 466 259 σφαλέντες.
488 185 515 243 οἳ
526 187 576 261 μέν
589 187 621 259 δη
633 186 694 263 περί
711 189 798 242 ταῦτα
811 171 884 257 ἦσαν

136 275 200 346 τάχη
215 274 243 332 δι’
255 293 300 342 τις,
319 275 442 336 ἐξισῶσαι
466 273 616 346 βουλομένη
630 275 688 338 ταῖς
712 272 828 345 βλάβαις
842 277 893 329 τῶι

133 349 267 432 Ῥωμαίων
280 358 326 424 τάς
338 352 472 430 ὠφελείας,
488 354 548 412 άντὶ
560 358 612 412 τῶν
627 358 830 414 καταλιπόντων
845 353 892 414 αιλ-

136 445 198 510 ιοιλς
210 443 356 516 συμμάχων
369 442 459 516 ἑτέραν
473 435 522 497 οιλκ
547 439 710 514 ἠλπισμένην
730 444 758 495 ἐκ
776 443 830 496 τῶν
843 463 894 500 πο-

114 527 229 598 Ιλεμίων
247 526 381 598 βοήθειαν
401 529 556 600 προσέθηκε
574 524 688 581 τοιάνδε.
716 522 783 599 άνηρ
802 546 842 592 τις
864 532 892 584 eu

135 613 182 668 τοῦ
198 612 324 684 Σαβίνων
337 608 440 676 ἔθνους,
462 611 540 665 πάλιν
554 605 632 666 οίκῶν
648 604 797 682 Ῥήγιλλον,
819 606 890 683 ειλμι-

135 697 179 764 vulg
194 693 238 751 καί
248 693 366 769 χρήμασι
379 693 502 761 δυνατὸς,
521 694 597 759 Τίτος
608 693 753 760 Κλαύδιος,
767 690 891 766 αὐτομο-

133 782 172 835 λεῖ
185 780 250 854 πρὸς
264 772 368 844 αιλτοιλς,
384 778 539 852 συγγένειάν
553 798 580 833 τε
592 778 708 851 μεγάλην
718 779 891 852 ἐπαγόμενος,

135 863 180 918 καί
193 862 289 933 φίλους
302 861 347 918 καί
360 862 591 932 πελάιαςσυχνοιλς
604 858 697 928 αὐτοῖς
708 865 891 935 μεταναστάν·

135 968 181 1008 τας
194 945 337 1016 ἐφεστίοις,
363 941 412 1003 οὔκ
437 947 562 1010 ἐλάττους
588 946 805 1016 πεντακισχιλίων
831 951 894 1016 τοὺς

136 1025 207 1087 ὅπλα
219 1031 311 1103 φέρειν
324 1027 497 1101 δυναμένους.
523 1027 583 1101 ἥδέ
595 1031 788 1103 καταλαβοῦσα
808 1026 893 1088 αιλτδν

137 1111 239 1189 άνάμκη
251 1114 463 1187 μετενέγκασθαι
483 1114 531 1182 την
546 1115 650 1184 οἴκησιν
662 1111 698 1180 εἲς
708 1110 817 1188 Ῥώμην,
830 1137 893 1173 τοι-

135 1197 202 1267 αίιη
217 1199 318 1272 λέγεται
331 1199 469 1271 γενέσθαι.
496 1196 524 1255 οἱ
549 1198 754 1264 δυναστείοντες
778 1201 808 1254 έν
835 1203 894 1278 ταίς

136 1282 356 1384 ἐπιφανεστάταις
375 1284 484 1338 πόλεσιν
497 1278 638 1356 άλλοτρίως
651 1281 752 1384 ἔχοντες
765 1285 832 1357 πρδς
845 1290 893 1340 τὸν

135 1361 277 1440 άνδρα,”
245 1387 291 1435 της
303 1387 338 1432 εις
350 1366 384 1422 τά
397 1387 473 1423 κοινα
466 1363 697 1439 άφιλοτιμίας’
674 1388 710 1433 εις
724 1363 893 1436 δίκηναιλιὸν

135 1448 275 1554 έπημον’
247 1452 431 1522 αιτιασάμινοι
445 1446 643 1552 προδρσίαν,“
626 1473 670 1506 οτι
688 1453 735 1507 τόν
749 1452 819 1507 κατά
827 1449 893 1509 Ρω-

135 1537 220 1592 ιιαίων
232 1537 347 1635 πόλεμον
359 1539 476 1608 ἐκφέρειν
488 1530 536 1590 οιλκ
551 1521 584 1604 ίρν
597 1537 748 1610 πρόθυμος,
764 1532 832 1590 άλλά
846 1535 893 1592 καί

135 1623 161 1674 έν
175 1620 210 1692 τῷ
224 1641 304 1693 κοινιμ
292 1618 398 1692 μόνος
410 1617 528 1692 άντέλεμι
550 1622 607 1685 τοῖς
619 1616 724 1686 άξισῖισι
745 1621 794 1683 τάς
805 1641 892 1676 σπον-

135 1703 182 1769 δάς
195 1674 333 1772 λελυσθαι,
348 1704 394 1760 καί
407 1704 468 1770 τοδς
481 1705 578 1759 ἑαυτου
593 1703 701 1767 πολίτας
719 1698 769 1759 οιλκ
783 1706 826 1758 εἴα
839 1705 891 1761 κά·

135 1808 180 1862 ρια
194 1782 263 1844 εἶναι
274 1788 308 1843 τά
322 1788 434 1853 δόξαντα
456 1791 514 1853 τοῖς
526 1784 614 1851 ἄλλοις
631 1783 769 1863 ἡγεῖσθαι.
790 1787 890 1860 ταίιιην

137 1868 257 1946 ιλῤῥωδῶν
272 1873 318 1940 τήν
333 1871 423 1939 δίκην·
442 1870 494 1927 ἔδει
505 1873 557 1947 γάρ
571 1867 657 1940 αιλτην
671 1869 724 1928 δπά
739 1873 790 1926 τῶν
803 1868 892 1929 σίλλων

136 1953 302 2024 δικασθῆναι
324 1955 441 2010 πόλεων·
468 1952 610 2030 άναλαρίών
636 1956 670 2010 τά
693 1956 818 2030 χρήματα
844 1957 891 2014 καί

135 2037 196 2101 τοὺς
211 2038 312 2108 φίλους,
328 2041 384 2102 τοῖς
395 2035 533 2142 Ῥωμαίων
557 2040 736 2142 προστίθεται
756 2039 889 2112 πολίταις,

135 2122 222 2197 ῥοπήν
236 2142 262 2177 τι
274 2117 307 2177 οιλ
319 2124 418 2198 μικράν
432 2119 467 2187 εἷς
479 2125 512 2178 τά
536 2125 681 2198 πράγματα
694 2126 818 2198 παρέσχε,
842 2125 890 2180 καὶ

135 2209 183 2261 τοῦ
205 2210 420 2282 κατορθωθῆναι
444 2207 521 2262 τόνδε
547 2210 595 2264 τὸν
615 2206 779 2310 πόλεμον*
763 2209 890 2264 απάντων

136 2287 261 2352 ἰ’δοξεν’
234 2311 391 2355 αιτιωτατος
397 2292 544 2367 γενεσθαι
559 2286 623 2348 ἄνθ’
639 2312 673 2346 ων
685 2313 701 2360 η
691 2287 801 2364 (βουλά
816 2314 862 2350 και
851 2291 891 2349 ὅ

136 2372 254 2440 διλιιος’
227 2396 263 2440 εις
275 2395 303 2430 τι
315 2375 377 2440 τοὺς
400 2374 557 2450 πατρικίους
582 2369 666 2430 αιλτδν
690 2378 829 2476 ένέμρμψε,
844 2375 893 2432 καλ

135 2459 179 2519 τίς
192 2460 290 2523 πόλεως
300 2463 399 2534 μοῖραν
410 2453 525 2515 εἴασεν
509 2479 576 2528 οσην
596 2458 676 2532 ἐρίοιλλ
678 2480 721 2516 ετο
749 2481 785 2524 εις
803 2482 892 2517 κατα-

135 2543 231 2608 σκευὴν
244 2539 348 2599 οἰκιῶν·
363 2542 454 2618 χώραν
466 2538 488 2598 τ’
502 2537 575 2616 αιλτρλ
601 2546 770 2618 προσέθηκεν
795 2548 824 2600 έιι
845 2549 892 2616 τῆς
