1890 2970
99 114 134 172 24
226 105 385 161 οιουυεο
401 102 746 162 ακτισικπκεεουοιε
819 128 823 145 =

98 215 173 274 πέντε
191 215 257 292 πρός
280 216 335 277 τοῖς
347 214 432 270 εἴκοσι
452 211 570 278 σταδίοις
594 209 716 287 άφιστάς
735 209 854 284 Ῥεάτου,

97 302 195 365 πόλεως
214 299 369 372 οἰκουμένης
388 293 588 371 ὓπόῬωμαίαν
610 297 648 356 ἔτι
673 297 719 355 καί
745 294 781 364 είς
800 300 854 374 ίμί,

97 386 227 451 Κοϊντίας
249 384 317 441 δδοῖι
330 385 452 454 πλησίον.
479 379 495 453 ἦ
518 379 646 458 ’Τριβόλα
660 382 689 438 δέ
709 380 780 457 άμφί
792 385 855 452 τοῦς

97 472 226 541 ὲὲἡκοντα
239 469 366 533 σταδίους
378 470 424 536 τῆς
437 463 519 536 αὔτῆς
532 470 632 532 πόλεως
644 466 795 540 ἀφεστῶσα,
810 469 855 526 λό-

96 576 150 628 φον
164 558 348 629 ἐπικαθημένη
363 553 521 627 οίμμιτρον.
558 548 698 627 Οίεοβόλα
713 552 741 608 δι’
754 555 785 609 τό
799 550 847 609 αὖ-

96 645 126 696 τὸ
141 640 274 714 διάστημα
292 643 338 707 τῆς
354 639 486 713 Τριβόλας
505 635 651 708 άπέχουσα,
676 639 728 694 τῶν
745 647 855 714 Κεραυ-

96 729 160 782 κίων
172 722 242 798 δρῶν
267 724 389 793 πλησίον,
415 720 470 779 άπό
484 721 512 777 δι’
535 722 633 792 ταίτης
657 725 855 799 τετταράκοντα

96 808 216 874 σταδίοις
235 810 378 884 διηρημένη
398 808 475 872 πόλις
493 808 626 880 ἐπιφανεὶς
647 807 752 877 Σοίνη,
785 808 855 865 ἔνθα

96 895 157 960 νεὼς
182 896 255 950 πάνυ
267 889 379 970 άρχαῖός
403 896 476 948 ἐστιν
496 887 595 966 Ἄρεως.
622 894 748 964 Μηφίλα
775 892 804 948 δέ
823 893 857 959 ὧς

96 981 237 1055 τριάκοντα
250 978 369 1040 σταδίοις
393 971 502 1034 άποθεν
514 981 560 1046 τῆς
574 975 694 1047 Σοίνης·
722 976 855 1035 δείκνυται

98 1066 125 1120 δέ
139 1059 220 1134 αὐτῆς
232 1065 334 1138 ἐρείπιά
348 1084 374 1118 τε
388 1061 434 1118 καί
446 1064 547 1130 τείχους
565 1064 633 1133 ἴχνη.
659 1063 855 1138 τετταράκοντα

98 1151 126 1206 δέ
139 1149 266 1213 σταδίους
278 1147 415 1217 άπέχουσα
430 1146 566 1219 Μηφίλης
583 1142 742 1221 Ὀρουΐνιον,
768 1144 791 1204 εί
811 1149 857 1203 καί

74 1302 83 1308 ‚
98 1256 137 1299 τις
149 1229 214 1304 άλλη
228 1236 279 1289 τῶν
292 1229 394 1289 αὐτόθι
406 1234 516 1299 πόλεων,
542 1233 674 1303 ἐπιφανὴς
687 1230 733 1288 καί
744 1234 855 1306 μεγάλη.

100 1321 177 1390 δῆλοι
200 1319 253 1394 γάρ
268 1315 334 1375 εἰσιν
349 1313 430 1385 αάτῆς
456 1317 485 1372 οἵ
496 1337 523 1372 τε
548 1319 671 1390 θεμέλιοι
690 1320 742 1373 τῶν
755 1321 854 1388 τειχῶν,

100 1403 145 1459 καί
158 1405 242 1475 τάφοι
254 1404 323 1467 τινὲς
337 1399 550 1477 ἀρχαιοπρεπεῖς,
565 1402 612 1457 καί
630 1402 815 1476 πολυανδρίων
828 1407 857 1459 ίν

99 1489 211 1562 δψηλοῒς
227 1490 333 1559 χώμασι
351 1487 539 1559 μηκυνομένων
556 1488 710 1561 περίβολοι·
723 1487 792 1543 ἔνθα
812 1487 857 1544 καί

99 1575 161 1639 νεώς
172 1577 243 1629 ἐστιν
254 1568 370 1642 Ἀθηνᾶς
383 1569 501 1644 άρχαῖος,
517 1568 706 1642 ίδρυμένοςὲπί
713 1577 758 1642 τῆς
764 1566 854 1645 άκρας.

100 1658 154 1715 ιίπδ
169 1659 198 1716 δέ
211 1656 327 1714 σταδίαν
341 1652 506 1729 ὀγδοήκοντα
516 1651 634 1722 Ῥεάτου,
661 1659 718 1721 τοῖς
745 1654 858 1714 εἰσιοῦσι

100 1745 145 1798 διιί
158 1747 203 1813 τῆς
212 1738 327 1816 ’Ῑουρίας
340 1739 406 1794 ὁδοῦ
420 1742 494 1815 παρά
507 1743 634 1814 Κόρητον
647 1739 709 1816 ὅρος
734 1744 855 1816 Κορσοί·

100 1832 131 1882 λα
145 1825 237 1883 νεωστί
251 1826 444 1898 διεφθαρμένη.
461 1825 594 1881 δείκνυται
610 1825 638 1882 δι’
650 1847 690 1889 τις
703 1825 747 1881 καί
767 1829 854 1896 νῆσος,

97 1910 171 1968 Ἴσσα
185 1906 254 1984 αὐτῇ
268 1909 364 1980 ὄνομα,
379 1911 456 1983 λίμνῃ
469 1909 641 1984 περίρῤυτος·
656 1904 691 1978 ἢν
701 1911 781 1982 χωρίς
793 1911 857 1988 ἐρί-

99 2018 182 2070 ματος
196 1995 310 2067 ποιητοῦ
331 1996 489 2063 κατοικῆσαι
508 1997 637 2066 λέγονται,
666 1999 724 2058 τοῖς
748 1999 858 2070 τέλμασι

99 2084 145 2152 τῆς
158 2082 256 2153 λίμνης,
272 2079 360 2135 ὁπόσα
372 2079 474 2147 τείχεσι,
486 2080 622 2154 χρώμενοι.
643 2079 757 2149 πλησίον
771 2081 799 2136 δέ
812 2085 858 2151 τῆς

97 2162 184 2235 Ἰσοης
197 2163 355 2239 Μαροίῖον,
379 2163 423 2219 ἐπὶ
437 2164 473 2235 τῷ
486 2165 561 2239 μυχῷ
585 2169 631 2234 τῆς
657 2160 740 2235 αότῆς
764 2166 857 2239 λίμνης

101 2251 212 2324 κειμένη,
225 2249 419 2322 τετταράκοντα
438 2250 564 2312 σταδίους
583 2247 722 2317 άπέχουσα
744 2253 797 2304 τῶν
811 2272 857 2307 κα·

100 2337 233 2408 λουμένου
243 2331 327 2391 Ἑπτά
340 2332 452 2389 ὑδάτων.
467 2331 521 2389 ιέπδ
537 2333 565 2389 δὲ
580 2330 691 2390 Ῥεάτου
709 2336 791 2391 πάλιν
809 2337 857 2406 την

99 2423 144 2477 ἐπὶ
154 2421 275 2489 Λατίνην
288 2419 353 2475 ὁδόν
367 2415 462 2485 ίοῖεοιν,
478 2414 494 2487 ἦ
508 2420 597 2474 Βατία
610 2420 659 2492 μέν
666 2417 722 2475 άπὸ
734 2422 858 2495 τριάκον-

101 2528 133 2562 τα
147 2506 276 2562 σταδίων·
306 2502 395 2576 Τιώρα
410 2503 439 2558 δέ
458 2501 513 2559 άπό
532 2506 700 2578 τριακοσίων,
716 2499 732 2573 ἦ
759 2509 857 2561 καλου·

81 2591 156 2655 με’νη
169 2585 308 2660 Ματιήνη.
327 2591 359 2645 ἐν
372 2587 459 2665 ταύτῃ
468 2587 498 2646 δέ
513 2589 617 2666 λέγεται
622 2586 863 2666 χρηστὴριονἋρε-
