1890 2970
87 75 138 136 σεε
205 70 366 126 οιοτκοσ
384 68 728 126 οειιοκεσκεεειτοιο

88 203 160 246 κτοις
173 180 285 246 ίκποόός
297 178 432 250 ἑπόμενοι,
446 180 531 236 πολὺν
545 181 657 236 ἐποίουν
663 179 758 252 φόνον.
773 201 838 258 τερα.

87 267 211 336 τήσαντες
223 266 252 322 όί
264 264 311 321 καί
325 267 370 335 τῆς
383 267 553 340 παρεμβολῆς
564 261 649 337 αὐτῆς
662 264 840 323 παντοδαπῶν

84 353 226 425 χρημάτων
244 347 386 426 γεμοίιυης,
413 349 459 405 καί
483 352 545 415 τούς
572 349 767 427 αἰχμαλώτους,
795 348 841 418 ολίς

88 436 185 512 ἔλαβον
198 436 226 492 οἳ
238 439 355 509 Σαβῖνοι
369 438 437 491 κακοί
450 437 497 499 τοίς
511 440 654 510 προνομιίς,
682 427 841 509 οίιιολαβόν.

86 545 133 587 τες,
149 519 270 597 όπῄεσαν
283 516 423 577 ε’πόίκουι
432 518 462 575 αί
473 521 522 593 μὲν
536 520 568 590 όή
582 520 723 592 πολεμικαὶ
737 523 843 596 πράξεις

87 607 167 663 τοῦόε
180 608 228 663 τοῦ
240 607 374 680 βασιλέως,
383 603 413 660 αί
424 605 529 677 μνήμης
542 605 588 661 καί
600 608 683 681 λόγου
696 609 772 682 πυροί
782 602 841 663 Ῥω·

88 694 175 758 υαίοες
188 694 379 767 τυγχάνουσαι,
407 690 509 746 τοιαίιλέ
534 712 602 756 τινες
624 694 748 765 λέγονται
772 694 842 766 γενέ·

88 783 169 835 σθαι·
194 776 329 834 πολιτικαί
344 775 380 843 όί,
395 769 426 838 ι’ίς
440 775 551 849 ἔρχομαι
561 778 646 841 λέξων.

267 928 301 975 In
313 925 450 991 republica
462 944 531 997 quae
539 927 667 997 gesserit,

150 1028 256 1088 XLIII.
281 1034 395 1105 Πρῶτον
408 1031 456 1101 μὲν
470 1032 504 1106 τῇ
526 1034 601 1087 πόλει
616 1035 716 1108 μοῖραν
735 1027 768 1087 οὗ
793 1055 841 1106 με-

70 1159 74 1168 .
88 1118 154 1190 κροίν
167 1118 346 1190 προσέθηκεν,
360 1116 505 1186 ἐντειχίσας
518 1119 565 1172 τόν
578 1112 833 1188 λεγόμενονΑὗεντῖ-

87 1220 142 1256 νον·
156 1199 211 1255 ἔστι
231 1199 258 1255 όό
277 1201 361 1271 λόφος
387 1199 489 1275 ὖιμηλός
512 1203 637 1267 ἐπιεικῶς,
664 1201 843 1257 όκεωκαίόεκό
875 1261 876 1265 Ἰ

86 1305 141 1340 που
154 1283 269 1340 σταδίων
280 1286 328 1355 την
341 1288 509 1360 περίμετρον,
525 1281 555 1352 ὅς
569 1287 627 1342 τότε
637 1287 687 1360 μὲν
700 1282 763 1356 ὕλης
775 1309 842 1342 παν-

87 1371 206 1438 τοόαπῆς
217 1371 309 1437 μεστός
320 1358 361 1440 ἦν,
377 1372 501 1442 πλείστης
514 1371 541 1426 όί
555 1371 601 1426 καί
629 1373 768 1439 καλλίστης
791 1370 841 1426 όοί-

86 1477 164 1527 φνης,
171 1449 211 1524 ἐφ’
221 1440 250 1522 ἧς
258 1459 402 1529 Λαυρῆτον
417 1454 469 1512 ὑπό
480 1452 617 1530 Ῥωμαίων
630 1458 748 1511 καλεῖται
762 1457 843 1518 τόπος

87 1541 125 1604 τίς
135 1544 161 1606 ἐξ
173 1535 273 1594 αὗτόίι·
303 1541 349 1594 νόν
363 1539 390 1594 όί
405 1537 495 1597 οίειιῶν
508 1545 564 1597 ε’στι
577 1542 677 1616 πλήρης
690 1537 776 1603 ἅπας·
802 1539 841 1595 ἔν-

87 1631 128 1681 θα
142 1625 192 1681 σὺν
205 1626 313 1689 πολλοῖς
326 1621 415 1688 ἄλλοις
426 1625 470 1681 καί
487 1629 517 1682 τό
538 1630 583 1695 τῆς
598 1621 744 1700 Ἀρτὲμιόος
770 1622 841 1699 ἱερόν

86 1710 200 1785 ῗόρυται.
223 1712 323 1783 είργετσ
338 1705 426 1781 όὲοίφ’
440 1712 534 1785 ἑτέρων
555 1713 606 1766 τῶν
631 1712 841 1784 συμπεριεχομὲ·

86 1815 137 1848 νων
151 1794 184 1866 τῇ
201 1789 298 1866 Ῥώμη,
326 1796 415 1866 λόφου
427 1799 476 1851 τὀῢ
490 1798 658 1866 καλουμένου
673 1795 840 1859 Παλαντίαν,

86 1878 146 1948 περὶ
161 1873 192 1933 όν
206 1873 222 1946 ἦ
237 1879 326 1951 πρώτη
345 1884 599 1935 κατασκευασθεῖσα
617 1881 693 1943 πόλις
712 1878 839 1955 ίόρίινθη,

86 1963 192 2037 βαθείᾳ
206 1962 252 2018 καί
264 1963 342 2037 στενῇ
356 1964 486 2038 φάραγγι.
509 1969 537 2019 ἐν
551 1965 579 2019 όέ
592 1967 647 2028 τοῖς
660 1959 773 2038 ὕστερον
779 1964 843 2039 χρό·

86 2070 142 2112 νοις
155 2046 262 2118 ε’χίισθη
275 2048 329 2111 πός
342 2047 357 2102 ό
370 2050 466 2119 μεταξὺ
483 2051 534 2103 τῶν
545 2050 635 2119 λόφων
649 2044 737 2113 αὐλός.
777 2050 843 2103 τοίν-

85 2155 133 2190 τον
147 2134 180 2202 ov}
193 2133 239 2188 τόν
253 2134 338 2203 λόφον
351 2134 515 2205 ἐπιτείχισμα
529 2135 598 2189 κατοί
611 2136 656 2202 εῆς
666 2134 764 2195 πόλεως
771 2132 841 2204 ὁρῶν

86 2221 220 2290 ἐσόμενον,
236 2219 261 2271 εἴ
271 2237 310 2280 τις
322 2212 393 2292 αὐτῇ
404 2217 466 2291 ἐπίῃ
479 2219 599 2290 στρατός,
607 2220 683 2287 τείχει
690 2215 735 2272 καί
748 2217 842 2292 τείφριρ

85 2305 232 2378 περιέβαλε,
247 2302 294 2356 καί
311 2304 373 2365 τούς
397 2304 578 2373 μεταχθέντας
603 2305 630 2356 ἐκ
661 2300 787 2368 Τελλήνης
813 2323 841 2356 τε

29 2446 34 2455 ,
85 2388 130 2443 καί
144 2386 323 2460 Πολιτωρίου,
337 2385 446 2442 καὶτῶν
461 2381 544 2440 ἄλλων
556 2388 665 2452 πόλεων,
679 2380 749 2439 ὅσων
760 2387 841 2460 ἐκριί·

85 2493 170 2542 τησεν,
186 2471 312 2545 όντοίιτορ
326 2471 362 2544 τῷ
371 2470 460 2545 χωρίῳ
480 2471 653 2548 καθίδρυσεν.
678 2467 706 2526 ἓν
730 2469 779 2542 μὲν
807 2473 841 2542 dr}

84 2560 164 2614 τοῦτο
177 2559 206 2612 τό
221 2557 368 2630 πολίτευμα
383 2556 431 2611 τοῦ
443 2556 572 2630 βασιλέως
585 2555 776 2631 παραόίόοταε,
791 2577 841 2613 κα·
