1890 2970
93 115 110 167 6
215 107 374 159 DIONYSII
391 105 734 160 HALICARNASSENSIS

93 217 142 284 χοῖς
166 216 360 287 παρελίπομεν,
389 196 462 279 ἕξων
475 234 502 269 τε
514 214 613 288 γονέων
626 232 691 317 εφυ,
718 209 849 277 καὶτίνας

96 297 248 362 ἀπεδείξατο
261 300 365 375 πράξεις
379 294 515 368 zonam*
496 319 531 353 ων
542 297 593 364 ἔτι,
612 296 658 354 καί
671 296 734 374 πρίν
746 295 791 352 ἐπὶ
804 302 852 365 την

95 384 253 440 δυναστείαν
267 386 421 470 παρελθεῖν
447 383 480 437 τοὶ
498 383 548 454 μὲν
560 368 609 438 ούν
622 381 682 456 περὶ
696 382 744 436 τοῖ’
759 384 853 457 μένους

95 464 178 529 αύτου
163 467 364 544 ’λεγόμενα
339 487 378 532 οις
389 465 528 541 μαλιστα
514 487 595 541 εμοτμε
608 468 851 541 συγκατατίθεμαι,

95 554 190 607 τοιαύτ
189 546 283 608 ’ἐστιν
291 551 480 624 ίνΚορνικύληι
488 551 562 606 πόλει
569 549 853 617 τουΛατινωνεθνονς

95 634 164 711 οῖνήρ
188 656 227 700 τις
239 639 267 691 ἐκ
280 638 328 692 τού
342 629 483 706 βασιλείου
500 638 599 711 νίνους,
632 635 742 700 Τύλλιος
754 634 849 707 ὄνομα,

94 719 204 794 γυναικὶ
216 721 298 789 συνῆν
314 715 452 793 Ὀκρισίᾳ,
479 721 604 793 καλλίστῃ
618 740 645 775 τε
659 718 704 776 καὶ
718 740 851 796 σωφρονε-

96 804 179 877 στοίτη
204 805 255 859 τῶν
281 807 308 859 ἐν
300 805 487 906 Κορνικόλῳ
501 805 644 878 γυναικῶν.
671 799 750 868 αύτύς
774 804 852 876 μὲνδ

100 887 219 953 Τίλλιος,
234 883 310 944 ὅθ’
295 911 311 957 η
326 890 402 952 πόλις
416 884 487 944 ύτιύ’
484 889 614 958 Ρωμαίων
626 889 849 961 κατελαμβάνετο,

97 972 245 1071 ααχδμενος
264 968 451 1041 αποθνήοκει·
475 973 521 1042 τίν
549 971 577 1026 δὲ
594 966 747 1044 Ὀκρισίαν,
775 972 853 1046 ἐγκύ-

95 1076 166 1128 μονα
180 1042 272 1122 ούοαν,
287 1057 364 1112 du*
329 1076 381 1112 των
402 1056 530 1134 λαφύρων
559 1055 708 1131 Ταρκύνιος
726 1057 853 1196 βασιλευς

96 1140 230 1214 ἐξαίρετον
252 1141 397 1214 λαμβάνει,
424 1163 469 1198 και
459 1140 626 1197 δίδωσι
590 1138 740 1216 δωρεοῖν
708 1162 739 1215 τη
752 1144 852 1198 ἑαυτοῦ

96 1226 212 1299 γυναικί.
238 1227 375 1299 μαθοῦσα
389 1221 416 1280 δ’
430 1227 533 1296 ἐκείνη
526 1225 613 1282 ποίντα
626 1246 660 1281 τα
652 1224 774 1299 περλ“
745 1246 792 1294 την
804 1221 852 1281 ἄν·

96 1311 219 1412 θρφπον,
245 1305 278 1366 οδ
306 1312 415 1375 πολλοῖς
437 1312 544 1386 χρόνοις
573 1303 685 1384 ὕστερον
707 1312 853 1379 ἐλευθέραν

96 1389 202 1464 αφίηοι,
216 1393 262 1451 καὶ
275 1416 369 1452 πασων
380 1396 496 1469 μαλιστα
518 1396 654 1470 γυναικοῖν
679 1392 852 1467 ἀσπαζομένη

96 1499 123 1533 τε
150 1478 195 1534 καῖ
218 1482 321 1582 τιμῶσα
341 1479 488 1537 διετέλεσεν.
514 1482 543 1535 ἐκ
555 1475 654 1578 ταύτης
676 1479 780 1554 γίνεται
807 1482 853 1550 τῆς

92 1556 256 1638 Ὀκρισίας”
242 1586 279 1619 ττι
294 1563 474 1630 δουλευούσης
486 1562 604 1628 παιδίον,
631 1585 651 1636 ῳ
639 1549 773 1619 τίθεται
785 1583 851 1639 τρα-

24 1709 27 1713 ‚
95 1649 171 1719 φὲντι
183 1644 199 1718 ἡ
212 1649 300 1726 μήτηρ
314 1649 389 1704 ιδ’
357 1649 482 1722 μενῖδιύν
494 1647 575 1704 τεκαὶ
586 1650 742 1722 συγγενικὸν
754 1668 849 1720 ονομα,

97 1731 221 1801 Τύλλιον,
234 1733 280 1791 ἐπι
292 1754 341 1789 του
326 1735 468 1808 πατρός·
484 1736 514 1790 τδ
529 1732 558 1790 δὲ
571 1734 662 1789 κοινδν
682 1730 728 1788 καὶ
746 1752 850 1808 προση-

93 1819 212 1890 γορικὸν,
226 1818 366 1894 Σερούϊον,
381 1818 426 1872 ἐπί
439 1820 485 1886 τῆς
497 1815 566 1882 ἰδίας
579 1817 664 1887 τύχης,
679 1812 720 1872 δτι
739 1817 851 1872 δουλεύ-

94 1919 164 1955 ουσα
178 1899 263 1955 ἔτεκεν
277 1896 368 1961 αύτδν.
383 1902 422 1969 εἴη
436 1897 464 1956 δ’
480 1898 514 1956 δν
526 1902 542 1958 δ
555 1900 684 1977 Σερούϊος
691 1898 726 1967 εἷς
739 1898 852 1970 εὴν“Ελ·

93 1985 202 2050 ληνικην
215 1982 352 2041 διοίλεκτον
365 1980 515 2057 μεταβιβαζ
501 1987 616 2058 ζδμενος,
630 1985 753 2049 Δούλιος.

159 2063 194 2124 ΙΙ.
223 2070 335 2143 Φέρεται
348 2068 377 2126 δι’
391 2089 429 2134 τις
440 2072 468 2124 ἐν
487 2073 545 2135 ταῖς
563 2071 711 2146 επιχωρίοις
729 2067 850 2177 οῖναγρα-

92 2153 157 2224 φαῖς
171 2173 257 2228 ετερος
271 2151 336 2230 ύπερ
349 2155 396 2223 τῆς
408 2155 531 2228 μενίσεως
544 2149 630 2211 αύτοῖι
648 2153 772 2231 λόγος’
761 2154 806 2211 επι
818 2157 850 2210 τὸ

92 2236 217 2308 μυθῶδες
231 2240 243 2292 ἐ
243 2239 339 2344 ξαίροιν
353 2241 387 2293 τοί
401 2259 460 2313 περι
450 2233 596 2307 “·“αδτδι,
580 2260 613 2297 ον
625 2243 653 2296 ἐν
668 2240 766 2297 πολλ’
721 2243 778 2304 λαις
788 2234 849 2296 Ῥω·

91 2325 202 2393 μαίκαῖς
215 2320 346 2397 ιστορίαις
359 2318 477 2397 εὕρομεν,
504 2344 527 2379 ει
518 2321 615 2389 ’θεοῖς
634 2345 661 2379 τε
681 2346 726 2380 και
718 2323 852 2397 δαίμοσι

92 2409 221 2478 λε’γεοθαι
245 2409 340 2508 φίλος,
349 2410 471 2473 τοιοῦτός
490 2429 542 2474 τις
569 2405 670 2464 sind*
637 2430 684 2478 της
697 2411 832 2474 ἑοιίας“
797 2431 851 2465 των

91 2491 184 2559 βασιλ
172 2511 228 2558 εων,
253 2484 296 2564 ίφ
322 2514 354 2562 ης
365 2489 447 2556 σ’ίλλας
462 2513 489 2548 τε
502 2488 676 2549 συντελοῦσι
673 2493 820 2568 Ρωμαῖοι’
809 2515 850 2549 ιε-

82 2577 228 2650 ρστρμίας,
256 2575 305 2636 καί
325 2578 372 2647 τοῖς
384 2574 438 2636 διεδ
459 2579 508 2634 τῶν
528 2575 672 2634 δείπνων’
654 2579 775 2651 απαρχοίς
788 2576 849 2651 αγί-
