1890 2970
167 89 442 159 ANTlelTATVM
458 89 592 143 ταυτα.
609 92 674 144 τιτι.
684 91 729 144 lv.
787 97 820 153 τε

65 199 160 272 λε’μους
173 199 331 271 στρατηγεῖν
341 193 439 262 ἱκανός.
465 197 563 253 τοῦτον
575 198 623 255 τόν
641 191 727 272 άνόρα
741 198 820 268 φίλον

67 282 140 352 ἔχων,
168 280 213 336 καί
224 276 257 337 δι’
272 275 356 336 αὐτοῦ
371 281 433 347 τοὺς
446 277 571 354 άρίοτους
582 284 611 340 ίν
625 283 722 355 ἑκάστη
744 283 820 340 πόλει

64 368 116 422 τῶν
130 366 161 422 τά
173 366 250 422 κοινά
262 367 433 441 πραττόντων
447 365 619 439 προσλαβόν,
638 367 698 421 τότε
717 364 749 434 όη
768 367 820 421 τῶν

64 449 222 524 ὑπαιθρίων
235 451 358 524 ἐπεχείρει
372 451 519 526 πειρᾶσθαι
531 451 661 524 πολέμων,
681 448 726 505 καί
740 470 820 524 στρα·

63 537 125 591 τιιίν
151 531 195 589 ἐπί
214 533 353 605 Σαβίνους
366 535 479 609 ἐξάγειν,
507 528 541 589 ου’
553 533 735 607 βουλομένους
749 530 821 605 ὑπη·

64 620 145 687 κόους
157 611 225 674 εἶναι
238 619 294 682 τοῖς
306 618 498 693 ἐπιτάγμασιν,
512 613 568 675 ἄλλ’
582 614 756 689 ἀπηλλάχθαι
770 620 820 674 τῶν

65 703 215 776 ὁμολογιῶν
241 698 388 775 οίομόνους,
414 706 442 768 ἐξ
461 688 496 759 οὗ
525 700 636 766 Τύλλιος
661 699 817 771 ἐτελεὺτησε,

63 789 131 863 πρός
143 780 175 842 όν
188 787 349 857 ἐποιήσαντο
361 789 407 856 τάς
419 786 570 863 ὁμολογίας.
589 786 670 863 γνοός
684 785 711 842 όὲ
724 789 818 854 ταῦτα,

61 873 176 946 προεῖπε
189 866 223 928 δι’
237 868 354 948 οἷγγόλοιν
365 867 437 941 ἥκειν
450 868 486 940 εἷς
499 872 547 942 την
566 873 594 929 ίν
611 871 758 947 Φερεντίνῳ
770 892 818 945 γε-

61 958 174 1029 νομένην
187 954 290 1031 άγοράν
304 957 366 1023 τούς
380 955 510 1022 ιίοιθότας
524 952 590 1032 ὖπίρ
601 955 754 1013 τοῦκοινοῦ
768 956 819 1012 τῶν

60 1040 185 1100 Λατίνων
198 1039 379 1118 συνεόρείιειν·
392 1037 493 1116 τήμίραν
510 1041 569 1096 τινά
583 1039 683 1117 όρίσας,
705 1037 739 1104 ὡς
757 1040 819 1115 περί

61 1126 157 1183 κοινῶν
170 1124 217 1182 καί
228 1127 351 1200 μεγάλων
363 1125 526 1201 πραγμάτων
538 1125 588 1181 σόν
600 1119 694 1188 αῧτοῖς
706 1123 818 1198 βουλευ-

61 1211 181 1283 σόμενος.
207 1208 234 1266 οἳ
246 1210 295 1282 μίν
322 1207 354 1278 (λη
379 1208 551 1283 παρῆσαν·ό
580 1207 608 1266 δὲ
631 1206 778 1283 Ταρκύνιος
803 1207 819 1264 ό

60 1295 173 1359 καλέσας
186 1288 285 1360 αὐτοὺς
296 1291 406 1366 ὕστίρει.
421 1290 455 1358 ὥς
468 1290 497 1349 δὲ
509 1293 592 1359 πολὺς
615 1293 716 1366 ἐγένετο
729 1296 818 1362 καθη·

60 1379 151 1450 μόνοις
164 1379 268 1450 χρόνος,
282 1376 327 1434 καί
339 1375 425 1432 ἐδόκει
450 1379 506 1442 τοῖς
526 1376 645 1433 πλείοσιν
659 1373 737 1450 ὕβρις
750 1369 819 1431 εἶναι

59 1464 90 1521 τό
104 1461 225 1535 πρᾶγμα,
239 1458 307 1538 άνηρ
321 1481 358 1529 τις
368 1464 396 1517 ίν
408 1461 484 1520 πόλει
497 1463 576 1518 οἰκῶν
588 1462 717 1537 Κορίλλῃ,
731 1459 818 1516 ιλυνα-

62 1547 106 1611 τός
118 1545 145 1600 δι’
159 1544 205 1600 καί
214 1546 333 1618 χρήμασι
346 1542 391 1602 καί
401 1544 498 1617 φίλοις,
524 1545 569 1602 καὶ
583 1546 616 1600 τά
629 1545 759 1618 πολεμικοί
773 1539 817 1599 άλ-

61 1652 147 1702 κτμος,
160 1631 298 1686 πολιτικόν
310 1650 337 1685 τι
348 1630 430 1704 λόγον
442 1625 730 1699 εἶπείνοόκάόάνατος,
749 1627 817 1703 Τόρ·

61 1738 107 1781 νος
116 1710 252 1790 Ἔρόόνιος
264 1711 359 1788 ὄνομα,
377 1715 506 1788 Μαμιλίῳ
518 1734 544 1769 τε
567 1713 696 1789 διάφορος
716 1708 752 1770 όν
771 1712 817 1769 όιοί

60 1802 109 1871 την
121 1799 188 1870 πρός
200 1797 232 1852 τά
247 1798 324 1855 κοινά
331 1797 495 1871 φιλοτιμίαν,
509 1796 554 1855 καί
565 1799 706 1872 Ταρκυνίῳ
719 1796 762 1854 ίιά
771 1801 817 1854 τόν

62 1884 205 1956 Μαμίλιον
216 1879 407 1956 ἀπεχθόμενος,
421 1877 465 1940 ότι
476 1880 710 1953 κηδεστήνέκείνον
723 1880 816 1952 ἠξίωσε

62 1969 154 2042 λαβεῖν
163 1962 228 2023 ἄνθ’
239 1968 346 2034 ἑαυτοῦ,
360 1966 461 2036 πολλὴν
470 1969 585 2023 ίποιελτα
597 1969 646 2022 τοῦ
664 1969 815 2041 Ταρκυνίου

62 2050 234 2127 κατηγορίαν,
249 2053 281 2108 τά
292 2073 319 2107 τε
332 2046 400 2110 άλλα
414 2049 513 2116 διεξιόν
525 2050 588 2125 ἔργα
601 2049 760 2126 τοῖιάνόρός,
775 2043 815 2116 οἷς

65 2130 201 2193 αὖθάόειά
224 2156 261 2198 τις
273 2134 359 2194 eodm
371 2138 512 2212 προσεῖναι
524 2134 569 2192 καί
581 2134 708 2208 βαρότης,
723 2133 768 2190 καί
782 2135 813 2189 τό

62 2221 98 2290 μη
112 2221 237 2293 παρεῖναι
251 2220 318 2293 πρός
330 2222 378 2277 τόν
403 2218 541 2292 σύλλογον,
556 2214 638 2276 αὐτόν
661 2218 812 2287 κεκληκότα,

63 2300 208 2363 τῶνᾶλλων
222 2301 347 2359 ἁπάντων
371 2306 518 2377 παρόντων.
539 2300 761 2376 άπολογουμένου
785 2298 815 2357 όί,

61 2389 109 2447 τοῦ
122 2388 275 2461 Μαμιλίου,
289 2386 335 2443 καί
353 2383 388 2453 εἲς
406 2384 554 2464 άναγκαίας
576 2407 649 2450 τινας
666 2381 813 2460 οἰνοφόρον·

62 2490 105 2536 τος
115 2468 203 2538 αίτίας
215 2475 263 2528 τόν
283 2473 330 2527 τοέἰ
346 2473 499 2545 Ταρκυνίου
519 2473 673 2549 χρονισμὸν,
687 2466 813 2541 άτάβάλ·

61 2556 159 2612 λεσθαί
172 2577 198 2614 τε
212 2554 349 2622 άξιοῦντος
363 2559 409 2615 τόν
422 2556 550 2629 σύλλογον
570 2553 606 2624 εἷς
618 2555 666 2629 τὴν
687 2555 820 2614 &masuam
