1890 2970
167 100 437 169 ANTIQVITATVM
454 102 659 157 ΗΟΜΑΝᾸΛΒ.
678 105 722 156 lv.
805 106 839 164 47

85 209 228 266 ίποιοίντο
241 209 349 280 βουλάς.
364 210 449 265 ταῦτα
473 209 505 276 όη
525 207 570 266 καί
583 211 616 264 τιν’
635 208 717 282 ὅμοια
735 209 840 274 τοίτοις

85 291 294 366 παραδείγματα
308 292 404 366 λαβὼν,
425 294 586 366 προθυμίαν
608 291 665 362 ἔσχε
688 292 734 349 καί
756 291 839 360 αὐτὸς

85 377 136 439 τάς
149 378 238 443 πόλεις
249 379 297 434 τοῦ
310 377 436 435 Λατίνων
451 378 544 450 γε’νους
558 380 689 444 συστῆσαι
709 377 755 433 καί
771 399 836 435 συν-

83 463 206 532 αγαγεῖν,
220 459 264 516 ίνα
274 463 318 534 μη,
333 462 524 527 στασιάζουσαι
537 461 582 517 καλ
594 462 759 533 πολεμοῦσαι
772 463 837 536 πρός

83 541 209 612 άλληλας,
239 542 292 601 ὑπὸ
316 546 367 600 τῶν
391 545 608 620 προσοικούντων
625 546 771 626 βαρβάρων
789 549 835 616 τὴν

79 630 239 701 ἐλευθερίαν
252 625 431 703 ἀφαιρεθῶσι.

146 708 253 770 XXVI.
280 713 367 777 Γνούς
380 712 407 769 άὲ
419 714 521 779 ταυτα,
541 713 603 776 τοῦς
621 710 809 786 κρατίστους
789 735 835 770 αν·

81 793 149 868 δρας
167 799 193 860 ἐξ
214 796 322 867 ἑκάστης
346 798 445 861 πόλεως
458 796 604 861 συνεκάλει,
630 794 691 871 περὶ
714 797 834 870 μεγάλων

78 877 128 935 καί
140 882 235 936 κοινάν
247 879 335 950 φήσας
358 882 523 957 πραγμάτων
548 879 718 953 συμβούλους
737 876 833 946 αὐτοὺς

78 967 228 1036 συγκαλεῖν.
254 965 312 1020 ίπιλ
337 962 365 1021 όί
379 966 526 1034 συνῆλθον,
553 963 712 1038 συναγαγὼν
733 964 781 1032 τήν
805 985 832 1020 τι

74 1043 224 1120 Ῥωμαϊκὴν
236 1049 338 1122 βουλὴν
361 1049 408 1106 καὶ
421 1049 483 1114 τούς
495 1046 550 1104 από
573 1049 624 1104 τῶν
637 1043 767 1104 πόλεων
749 1068 832 1116 ηκου-

78 1151 142 1198 τας,
153 1134 232 1206 λόγον
256 1132 378 1203 όιεξηλθτ
390 1131 614 1217 παρακλητικὸν
598 1132 734 1203 ομονοιας
754 1131 832 1192 όιόά·

78 1234 150 1272 σκων
162 1214 283 1282 ὧςκοιλόν
294 1218 343 1291 μίν
353 1219 451 1291 χρῆμα,
459 1213 556 1272 πολλαί
567 1217 655 1280 πόλεις
658 1215 717 1318 μιηῐ
726 1215 830 1290 χρώμε-

75 1319 123 1356 ναι
144 1301 251 1375 γνώμη·
277 1299 387 1374 αἰσχρόν
412 1301 448 1367 όί,
476 1299 539 1402 ὄφις
555 1301 689 1374 συγγενῶν
708 1296 829 1368 άλλήλοις

74 1382 283 1456 διαφερομένων.
308 1386 396 1441 αἴτιόν
408 1405 437 1440 τι
449 1381 539 1453 ίσχόος
552 1383 601 1456 μὲν
612 1387 671 1449 ταῖς
683 1381 827 1440 άσθενίσιν

74 1463 444 1542 όποφαίνωνόμοφροσίινην,
459 1469 645 1538 ταπεινότητος
657 1465 826 1524 όίκαίάσθε-

72 1552 147 1613 νείας
159 1550 204 1606 καί
216 1551 277 1615 ταῖς
299 1551 484 1626 ίσχυροτάταις
508 1549 736 1624 άλληλοφθονίαν.
760 1555 826 1624 μετά

71 1628 149 1690 ταῦτ’
161 1633 298 1691 ίόίόασκεν
310 1631 416 1702 αὐτοὺς,
440 1635 473 1699 ὥς
486 1637 536 1711 χρη
554 1635 690 1700 Λατίνους
710 1637 758 1707 μὲν
773 1638 825 1690 τῶν

71 1720 225 1792 προσοίκων
238 1715 335 1795 ἄρχειν,
350 1719 395 1775 καί
408 1721 442 1775 τά
456 1719 547 1776 δίκαια
565 1722 744 1795 προστάττειν,
760 1714 823 1775 Ἐλ-

71 1805 152 1874 ίηνας
170 1802 254 1870 ὄντας,
272 1805 437 1880 βαρβάροις·
460 1799 604 1878 Ῥωμαίους
623 1803 651 1859 oa*
668 1805 718 1873 τὴν
737 1801 824 1860 ἆσάν·

72 1905 124 1942 των
135 1888 260 1945 Λατίνων
272 1887 337 1958 ἔχειν
350 1888 527 1965 προστασίαν,
551 1890 659 1963 μεγέθει
682 1907 710 1944 τε
723 1889 822 1953 πόλεως

71 1965 247 2045 προῦχοντας,
263 1972 307 2029 καί
320 1972 482 2048 πραγμάτων
495 1971 575 2045 άγκφ,
599 1971 645 2027 καί
661 1971 695 2046 τῇ
706 1976 821 2050 προνοίη

70 2056 120 2110 τοῦ
135 2054 278 2128 όαιμονίου
285 2061 404 2131 κρεῖττον
423 2057 596 2131 κεχρημένους
608 2058 727 2124 ἐκείνων,
741 2052 775 2112 όί
788 2053 821 2125 ἣν

71 2135 106 2203 τίς
124 2139 258 2208 τοσαότην
279 2143 433 2211 ἐπιφάνειαν
450 2143 600 2214 προῆλθον.
620 2160 732 2196 τοιαυτα
752 2141 820 2211 διεξ-

71 2223 172 2288 ελθών,
193 2225 380 2295 συνεβούλευεν
396 2221 489 2288 αὗτοῖς
503 2225 573 2299 ἱερόν
585 2219 715 2280 άσυλον
697 2227 751 2282 απὸ
765 2244 820 2280 κοι-

71 2308 123 2362 νῶν
136 2303 315 2380 ἀναλωμάτων
327 2311 355 2363 ἐν
367 2304 454 2383 Ῥώμη
467 2309 733 2373 κατασκευάσασθαι,
758 2293 818 2363 ἐν
799 2329 818 2379 ῳ

71 2389 193 2448 θίσουσί
204 2413 231 2448 τι
244 2390 273 2446 αἱ
298 2393 385 2456 πόλεις
409 2394 596 2497 συνερχόμεναι
621 2385 686 2447 καθ’
707 2390 818 2446 ἕκαστον

71 2476 193 2531 ἐνιαυτόν
206 2473 275 2540 ίόίας
300 2497 327 2532 τε
340 2474 385 2532 καί
398 2479 489 2541 κοινάς
501 2475 610 2542 θυσίας,
636 2474 682 2530 καὶ
694 2474 818 2546 πανηγύ-

73 2577 124 2632 ριις
136 2554 254 2627 ἄξουσιν,
270 2563 298 2617 ἐν
311 2555 350 2626 οἷς
363 2557 397 2616 άν
410 2559 520 2637 όρίσωσι
546 2561 662 2638 χρόνοις·
688 2557 736 2619 καὶ
760 2560 785 2614 ελ
795 2581 825 2614 τι
