1890 2970
101 108 138 168 94
237 102 398 156 DIONYSII
413 99 753 153 HALlCARNASSENSIS
835 112 840 119 ’

101 208 341 286 ίπιχραφῇτοιρῖδε
367 207 559 282 κοσμοίιμενον,
588 212 750 264 ΠΑΤΡΟΣ
763 212 863 263 &Bor

102 300 281 358 ΧΘΟΝΙΟΤ,
301 297 352 350 ΟΣ
363 298 556 351 HOTAMOY
568 297 770 349 NOMIKIOY
780 299 864 348 PE?-

103 389 164 438 MA
176 385 325 436 AIEHEI.
350 375 402 434 είσί
416 375 446 433 δ’
461 376 488 432 οἳ
505 380 629 451 λέγουσιν
641 371 682 433 ἐπ’
694 370 799 452 Ἀγχίση
812 398 862 432 κα-

100 467 321 534 τασκευασθῆναι
334 459 402 519 αὗτδ
420 459 463 518 ὕπ’
479 461 604 530 Αἰνείου,
631 461 744 535 ἐνιαυτῷ
768 462 862 535 πρότε-

101 569 150 626 ρον
163 551 211 606 τοῖν
222 552 343 622 πολέμου
357 547 456 605 τοίτου
469 550 663 616 τελευτήσαντι.
689 545 745 603 ἔστι
772 546 801 602 δὲ
812 568 860 614 χω·

100 636 197 707 μοίτιον
218 630 253 691 οὗ
270 636 356 708 μέγα,
374 633 422 689 καὶ
435 631 496 708 περί
516 629 583 688 αὐτὸ
604 630 699 709 δένδρα
719 631 861 701 στοιχηδὸν

101 722 248 794 πεφυκότα,
264 721 331 784 θέας
344 713 414 783 δ’ξια.

315 867 571 920 Ascanius
606 868 650 916 11.

144 970 235 1031 LXV.
249 969 391 1031 Αίνείουιῖ
398 978 425 1040 ἐξ
435 970 773 1048 ἅνθρίιπωνμεταστοίντος
785 971 861 1046 ῖβδό·

102 1080 142 1132 ιιῳ
161 1061 278 1131 μοίλιστα
298 1058 348 1116 ἕπει
367 1061 433 1134 μεταλ
441 1059 489 1128 τήν
497 1052 580 1114 Ἰλίου
593 1054 700 1125 οῖλωσιν,
719 1053 861 1132 Εὐρυλέων

102 1144 237 1218 παρέλαβε
248 1145 297 1214 τήν
310 1145 435 1202 Λατίνων
448 1140 462 1213 ή
483 1145 605 1217 εμονίαν,
621 1143 636 1199 ὅ
648 1139 862 1216 μετονομασθείς

105 1229 237 1293 Ασκοίνιος
251 1232 279 1284 ἐν
292 1229 326 1303 τῇ
338 1229 421 1305 φυχῇι
455 1249 525 1299 ησαν
546 1227 574 1284 δὲ
587 1230 713 1302 τειχήρεις
732 1226 759 1283 οί
776 1229 862 1302 Τρῶες

103 1317 131 1369 ἐν
145 1313 181 1388 τῷ
191 1313 277 1389 χρόνῳ
285 1313 377 1388 τούτῳ,
392 1313 500 1377 καὶτοῖς
512 1314 560 1385 μὲν
575 1315 709 1388 πολεμίοις
723 1310 765 1367 οίεί
779 1333 864 1414 προσ·

102 1395 144 1473 ήει
171 1397 297 1471 δύναμις·
325 1398 353 1454 αἱ
376 1399 403 1456 δι’
417 1401 468 1455 τῶν
493 1399 619 1455 Λατίνων
639 1397 771 1454 ἅδίινατοι
794 1416 864 1467 ησαν

103 1485 160 1546 τοῖς
173 1485 200 1538 ἐν
213 1481 249 1554 τῷ
269 1484 409 1555 Λαουϊνίῳ
434 1484 672 1557 πολιορκουμένοις
697 1485 862 1557 ἐπικουρεῖν.

102 1570 133 1623 τί
147 1567 195 1639 μὲν
209 1554 258 1623 οδν
270 1570 376 1644 πρῶτον
396 1566 432 1634 εἷς
449 1569 543 1639 φιλίαν
557 1587 583 1622 τε
597 1567 643 1624 καί
662 1568 802 1636 συνθήκας
816 1588 861 1640 μι-

106 1652 180 1728 τρίοις
193 1648 397 1727 προύκαλοίντο
411 1652 475 1715 τούς
488 1653 633 1725 πολεμίους
646 1650 673 1708 οἱ
679 1650 738 1727 περί
745 1655 792 1708 τὸν
801 1645 861 1707 Ἄσ-

103 1738 211 1792 κοίνιον·
238 1735 272 1800 ὡς
286 1732 309 1792 δ’
324 1734 402 1793 οὐδὲν
424 1739 566 1812 προσεῖχον
581 1732 688 1804 αὐτοῖς,
713 1738 862 1812 ἐπιτρέπειν

104 1821 214 1884 ἐκείνοις
238 1817 420 1892 ήναχκοίζονιο
448 1821 658 1878 καταλύσασθαι
685 1825 731 1879 τὸν
744 1823 862 1894 πόλεμον

102 1899 143 1976 ἐφ’
159 1896 197 1970 οἷς
212 1901 247 1958 ι’ίν
259 1900 339 1960 αὖτσί
353 1905 575 1962 δικαιῶσι.τοῖιδί
586 1906 714 1978 βασιλέως
727 1908 779 1964 τῶν
793 1906 863 1979 Τυῤ·

103 1989 188 2064 ρηνῶν
201 1990 234 2044 τιί
250 2009 276 2044 τε
295 1984 362 2045 σ’ίλλα
381 1989 414 2054 ὡς
428 1988 633 2067 δεδουλωμένοις
658 1988 783 2067 ἀφόρητα
809 1995 864 2046 ἐπι·

102 2076 255 2141 τάσσοντος,
269 2074 316 2131 καί
329 2077 366 2141 τὸ,
382 2069 456 2132 οἶνον
470 2071 537 2132 ὅσον
550 2073 583 2131 ιίίν
597 2072 612 2146 ή
626 2076 751 2132 Λατίνων
769 2077 805 2146 χή
819 2076 865 2147 φί-

103 2180 147 2233 ροι
164 2159 313 2234 Τυρρηνοῖς
327 2158 443 2234 οῖποίχειν
456 2157 509 2217 οίναί
523 2162 579 2216 πᾶν
592 2159 656 2226 ἔτος,
676 2155 725 2217 οὔκ
745 2157 863 2228 ἀνασχε-

104 2244 150 2300 τὸν
163 2239 327 2318 ήγησιίμενοι
341 2247 371 2301 τδ
384 2247 502 2320 πρᾶγμα,
526 2248 572 2316 ιής
595 2247 645 2318 μὲν
669 2241 791 2316 οῖμπίλου
817 2247 862 2303 τδκ

103 2330 210 2403 ναρπδν
236 2327 308 2404 ἱερὸν
321 2330 491 2404 ἐψηφίσαντο
506 2332 554 2386 τοῖν
568 2332 633 2395 Διὸς
645 2323 729 2395 εἶναι,
756 2328 862 2406 χυίιμηι

103 2409 300 2488 ιίχοριίισαντος
312 2415 362 2472 τοῖν
371 2413 525 2471 Ἀσκανίου·
539 2409 619 2471 αὐτοί
633 2413 661 2469 δὲ
675 2411 798 2485 ιίλλήλοις
810 2434 860 2471 πα·

101 2500 327 2571 ρακελιυσοίμινοι
357 2498 513 2576 προθύμοις
539 2497 700 2576 ἀγωνισταῖς
725 2499 861 2576 γίνεσθαι,

74 2577 230 2658 ἴθ”θέθτί
242 2580 423 2660 σίτησαμινοι
443 2589 643 2671 συλλαβέσθαι
656 2588 707 2649 τοῖν
730 2583 871 2646 κινδυνιδ·
