1890 2970
117 102 166 165 224
232 100 396 186 5105st
413 96 757 151 HALICARNASSENSIS

115 211 167 265 τῶν
177 209 303 271 Λατίνων
316 210 408 280 νόμον,
425 206 470 262 διά
483 208 628 280 παρθένων
639 204 820 278 ἐνομοθέτησε
833 228 879 282 7⁸·

116 292 258 351 νάσθαι·
244 314 294 364 εχει
308 293 337 349 δι’
349 312 422 356 τινας
435 289 552 367 άπορίας
569 312 614 347 και
605 290 658 347 ’τό
674 292 879 366 φυλαττόμενον

114 382 143 436 όν
155 378 191 451 τῷ
201 376 262 453 ἱερῷ
275 400 300 434 τι
295 377 477 480 ’όίρποτὲἐστα
492 396 538 432 και
528 374 597 431 ⁸555
610 377 637 431 τί
643 377 799 451 πρόσκειται
812 399 880 480 παρ-

114 466 214 528 θένοις.
229 464 298 526 τινὲς
309 463 358 534 μέν
372 448 421 518 οὖν
431 457 511 518 οὐδὲν
525 460 572 522 ἔξω
584 463 634 517 τοῦ
652 461 773 537 φανεροῦ
793 464 879 536 πυράς

114 542 184 606 εἶναί
203 569 272 620 φασι
289 550 320 604 τδ
340 547 518 622 τηρούμενον·
536 547 584 615 τὴν
604 547 632 602 δὲ
649 546 773 616 φυλακὴν
793 543 885 617 55155

115 636 264 707 παρθένοις
277 629 444 688 ἀνακεῖσθαι
454 633 557 706 μᾶλλον
578 652 594 698 η
581 628 722 704 “άνδράσι
734 632 880 687 ποιοῦνται

114 718 184 773 κατά
197 719 228 773 τό
242 713 319 783 εἰκός,
335 712 378 773 ὅτι
389 719 446 819 μδρ
465 718 513 787 μὲν
526 714 682 817 ’άμίαντοη
702 717 840 790 παρθένος
854 714 879 772 δ’

18 801 21 805 ’
115 798 280 875 άφθαρτον·
296 824 330 856 ιω
319 798 398 856 5
383 803 520 901 αμνοτάτιρ
533 803 585 855 τῶν
599 802 683 856 θείων
698 803 728 856 τό
747 801 877 875 καθαρόν-

116 906 198 943 τατον
211 888 263 945 τῶν
276 857 384 956 θνητῶν
397 888 484 957 φίλον.
508 880 601 986 Ἑστίᾳ
616 886 645 941 δὲ
666 882 873 942 άναειεῖοθαι“
845 908 877 943 το

115 973 171 1046 πῦρ
185 967 390 1044 νομίζουσινᾎ
375 993 416 1025 οτι
442 974 515 1043 7555
532 957 601 1026 5555
626 965 642 1039 5
668 972 741 1037 θεός,
767 970 815 1027 καὶ
832 973 878 1026 τόν

114 1058 197 1129 μέσον
224 1058 375 1125 κατέχουσα
400 1058 449 1110 τοῦ
475 1057 578 1126 κόσμου
597 1056 689 1120 τόπον,
705 1057 751 1118 τάς
765 1050 879 1160 άνάφεις

115 1143 164 1196 τοῦ
189 1142 337 1214 μεταρσίου
351 1144 468 1196 ποιεῖται
494 1137 609 1212 πυρός
583 1135 643 1244 αφ’
665 1143 767 1209 ἑαυτῆς.
784 1136 836 1196 εἶσι
826 1139 880 1197 ⁸55

118 1246 184 1290 τινες
198 1247 225 1281 οι
237 1246 323 1298 φασιν
337 1223 383 1290 ἔξω
397 1227 445 1281 τοῦ
464 1226 549 1299 πυρός
575 1220 716 1298 ἀπόρρητα
742 1228 798 1287 τοῖς
810 1228 880 1281 πολ·

119 1308 197 1372 205‘
188 1331 246 1383 ιερα
240 1312 372 1366 Ικεῖσθαί
384 1330 445 1364 τινα
458 1312 486 1364 όν
499 1308 535 1364 τοῖ
547 1310 646 1380 τεμένει
665 1313 711 1377 τῆς
736 1309 817 1377 θεάς,
844 1295 881 1365 55

119 1393 148 1449 οἵ
159 1415 186 1448 τε
201 1393 359 1468 ἱεροφάνται
372 1395 419 1462 τήν
425 1392 621 1469 μνῶσενὲρουσι
633 1390 679 1448 καί
693 1415 721 1448 αι
713 1391 879 1470 ’παρθένοη

119 1480 260 1555 τεκμήριον
274 1499 307 1535 ου
298 1476 416 1552 μικρόν
430 1482 606 1553 παρεχόμενοι
614 1479 758 1550 τοῦλόγου
772 1482 802 1535 τό
815 1499 881 1552 συμ-
925 1498 932 1511 ·

121 1565 173 1636 βάν
187 1562 248 1636 περὶ
259 1565 306 1633 τήν
321 1562 451 1638 ἔμπρησιν
465 1566 514 1619 τοῦ
532 1561 605 1637 ίεροῖι
624 1565 693 1620 κατά
713 1563 761 1617 τόν
785 1571 881 1618 Φοινι-

121 1649 168 1703 κὸν
182 1651 308 1721 πόλεμον,
323 1650 370 1703 τὸν
384 1651 489 1722 πρῶτον
501 1650 637 1706 συστάντα
653 1644 796 1721 Ῥωμαίοις
814 1648 882 1725 πρδς

120 1732 324 1805 Καρχηδονίους
337 1731 398 1806 περὶ
411 1733 541 1797 Σικελίας.
555 1735 758 1806 ἐμπρησθέντος
763 1733 817 1809 γάρ
831 1737 880 1789 τοί

119 1819 252 1889 τεμένους,
266 1815 312 1870 555
325 1818 377 1871 τῶν
390 1820 536 1891 παρθένων
550 1820 707 1890 φευγουσῶν
719 1821 748 1872 όν
761 1821 810 1873 τοῦ
825 1837 880 1875 πυ-

119 1903 172 1975 ρός,
188 1901 239 1954 τῶν
264 1899 430 1974 ἱεροφαντῶν
451 1924 490 1967 τις
502 1902 618 1965 Λεδκιος
636 1904 777 1966 Καικίλιος
797 1902 813 1957 ὁ
831 1925 877 1959 55-

119 1985 403 2058 λοίμενσς·Με’τελλος,
424 1983 493 2061 άνὴρ
507 1985 648 2052 ὑπατικός,
664 1988 680 2042 δ
693 1988 740 2041 τὸν
754 1984 880 2060 οἷοίδιμον

119 2073 148 2125 ἐκ
159 2069 283 2133 Σικελίας
296 2066 351 2126 άπὸ
367 2072 562 2145 Καρχηδονίων
576 2071 737 2144 καταγαγὼν
751 2067 820 2128 όκτά
833 2071 880 2126 καὶ

120 2154 262 2230 τριάκοντα
275 2155 321 2210 καὶ
340 2157 435 2211 ἑκατόν
453 2157 602 2227 ἐλεφάντων
615 2155 772 2229 θρίαμβον,
787 2155 878 2230 ὑπερι-

120 2237 173 2296 δών
188 2242 233 2308 τῆς
244 2236 523 2313 ίδίαςάσφαλείαςτοῦ
538 2240 615 2314 κοινῇ
628 2243 811 2313 συμφέροντος
824 2239 879 2296 ἓνε·

121 2345 164 2392 ια,
178 2323 417 2399 παρεκινδύνευσεν
443 2323 481 2391 εἰς
504 2328 537 2381 τά
557 2328 686 2398 καιόμενα
711 2326 877 2398 βιάσασθαι,

123 2408 169 2464 καλ
194 2412 411 2481 καταλειφθέντα
437 2408 490 2466 ὑπό
515 2411 568 2465 τῶν
581 2410 725 2513 παρθένων
752 2407 878 2484 ἆρπάαας

120 2490 177 2565 ίερα
170 2493 313 2550 διεσωσιν
325 2498 354 2550 ίκ
373 2496 422 2551 τοῖι
444 2495 541 2569 πυρός·
547 2489 724 2598 e‚55'515555
743 2496 818 2568 παρά
832 2499 878 2565 τῆς

115 2579 255 2644 πόλεωςέξ
251 2582 382 2655 ηνίμκατο
399 2577 557 2656 μεγάλας,
539 2601 573 2646 οις
582 2574 595 2648 5
616 2584 660 2651 τῆς
677 2577 778 2645 εἰκόνος
791 2574 876 2637 αὐτοῦ
