1890 2970
10 40 15 115 ί

144 107 419 178 ιωτερυττισυω
436 109 575 164 τουτου.
593 113 656 162 τεο.
668 115 700 164 v.
769 120 819 175 175

10 240 11 247 ¹
66 216 176 286 πρώτων
189 217 222 270 τιί
236 216 313 270 τέκνα
326 211 484 281 ἐπιδόντων,
506 218 623 291 Μοίρκου
635 216 682 286 μέν
691 212 819 289 Ὀρατίου

65 301 114 354 τόν
126 296 196 364 υίόν,
212 298 339 354 Ποπλίου
353 296 381 351 δὲ
398 294 545 372 Οὐαλερίου
559 300 606 368 τήν
618 300 758 373 θυγατέρα
771 303 819 374 γοί·

65 403 121 456 μων
134 383 247 453 έχουσαν
262 378 343 457 ὤραν.
369 377 539 454 ἀφικομένων
560 383 588 439 δὲ
605 382 706 438 τούτων
724 382 768 439 ἐπί
787 386 818 438 τό

63 468 254 541 στρατόπεδον,
278 461 372 536 ἡσθείς
397 465 413 521 ό
437 468 564 541 βασιλεὺς
582 466 627 522 καί
653 468 738 522 πολλοὶ
758 469 817 532 τοὺς

60 547 210 625 Ῥωμαίους
222 551 371 616 ἐπαινέσας,
386 546 629 621 ἀνοχιίςσπέκδεται
641 551 708 626 πρός
721 544 818 614 αάτοός
871 566 873 571 ·

62 631 100 699 εἷς
113 634 258 709 ὡρισμένου
270 633 328 689 τινά
352 628 453 708 ἡμερῶν
466 633 596 710 ἀριθμόν,
623 635 669 691 καί
682 635 730 704 τήν
744 633 818 704 δίκην

62 717 222 789 ἀναδέχεται
247 719 372 776 δικόσειν.
400 718 547 793 Ταρκύνιοι
574 715 601 774 δ’
625 714 746 788 ἤχθοντο
769 721 819 790 μέν

62 801 119 859 ἀπό
137 806 263 878 μειζόνων
280 802 433 868 ἐκπεσόντες
445 804 570 871 ίλπίόων,
592 798 627 869 οίς
640 797 710 872 εἶχον
723 802 768 858 ἐπὶ
781 803 819 877 περ’

59 889 175 961 βασιλεῖ,
202 889 374 957 καταχθῆναι
402 886 521 954 δόξαντες
544 887 589 946 tut
613 884 757 961 τὴνάρχήν
772 883 816 943 ὑπ’

59 974 176 1029 ἐκείνου·
191 973 308 1046 στέργειν
322 967 350 1026 δέ
363 967 433 1046 ὅμως
445 974 479 1030 ταί
491 976 614 1049 παρόντα
626 967 815 1044 ἠναγκάζοντο,

59 1057 105 1112 καί
117 1058 150 1113 τοί
162 1055 290 1129 δεδομένα
315 1054 451 1126 δέχεσθαι.
478 1054 649 1129 ἀφικομένων
675 1053 702 1111 δ’
719 1053 755 1120 είς
769 1059 816 1112 τόν

60 1141 206 1214 ὁρισθέντα
229 1142 329 1215 χρόνον
353 1143 381 1195 ἐκ
395 1143 441 1211 τῆς
459 1142 559 1206 πόλεως
581 1144 632 1198 τῶν
647 1136 815 1215 ἀπολογησο·

58 1226 143 1296 μένων
158 1227 205 1294 τήν
219 1225 303 1294 δίκην,
330 1223 375 1279 καί
389 1221 444 1280 ἀπό
458 1229 503 1297 τῆς
520 1227 619 1298 βουλῆς
635 1225 687 1279 τῶν
699 1227 814 1299 πρεσβυ-

60 1309 155 1375 τιίτυυ,
182 1309 300 1373 καθίσας
325 1307 370 1364 έπί
384 1309 431 1364 τοῦ
443 1309 566 1383 βήματος
584 1309 599 1365 ό
612 1309 736 1382 βασιλεῦς
748 1312 815 1380 μετοί

61 1393 114 1448 τῶν
126 1393 216 1462 φίλων,
242 1391 288 1448 καί
301 1393 348 1448 τόν
360 1391 422 1449 υίόκ
435 1393 599 1460 συνδικάζειν
612 1393 743 1457 κελεύσας,
758 1397 815 1450 ἐπέ-

61 1475 146 1531 δωκεν
158 1471 249 1541 αδτσίς
265 1479 354 1550 λόγον.

126 1556 260 1616 XXXIII.
286 1557 346 1619 ’Ἔτι
376 1559 405 1616 όέ
431 1562 476 1631 τῆς
502 1559 684 1635 δικαιολογίας
705 1566 814 1635 γινομέ-

61 1663 120 1713 νης,
147 1631 196 1714 ἧκέ
218 1664 256 1708 τις
279 1641 449 1720 ἀπαγγέλλων
473 1646 521 1712 τήν
543 1646 632 1718 φυγήν
658 1649 710 1701 τῶν
742 1646 812 1719 ὁμη-

59 1729 197 1803 ρευουσῶν
221 1732 373 1804 παρθένων.
399 1727 538 1800 όερθείσαι
563 1731 615 1804 γιίρ
639 1733 691 1786 τῶν
713 1733 815 1801 φυλατ-

58 1813 167 1880 τόντων,
192 1811 236 1869 ίκα
249 1811 453 1887 συγχωρήσωσιν
479 1809 573 1879 αάταῖς
588 1814 744 1871 λούσασθαι
763 1836 815 1871 πα·

59 1900 246 1973 ραγενομέναις
259 1895 295 1964 είς
309 1896 354 1952 τόν
367 1897 502 1970 ποταμόν,
526 1897 616 1967 ἐπειδὴ
634 1899 666 1956 τό
677 1899 815 1975 συγχώρη-

58 2003 97 2052 μα
123 1980 240 2053 έλαβον,
279 1981 432 2052 ἀποστῆναι
457 1983 552 2057 μικρόν
577 1979 632 2038 ἀπό
658 1985 706 2039 τοῦ
731 2005 814 2040 ποτα·

58 2067 112 2138 μσῦ
136 2068 193 2130 τοῖς
206 2062 335 2141 ἀνδράσιν
347 2067 482 2134 ελποδσαι,
509 2065 555 2130 ἕως
581 2063 614 2120 ἀν
639 2061 815 2125 ἀπολούσων-

58 2170 117 2217 ται,
144 2149 190 2205 καί
203 2151 249 2213 τός
262 2153 379 2222 ἐσθῆτας
398 2147 581 2220 ἀπολάβωσιν,
606 2148 650 2204 ’ίνα
662 2153 698 2222 μή
711 2151 814 2223 γυμνός

58 2234 155 2306 ὁρῶσιν
182 2229 277 2299 αὗτιίς·
318 2232 558 2312 ποιησόντωνικαί
583 2235 663 2290 τοῦτο
689 2237 739 2289 τῶν
764 2231 815 2289 ἀν-

60 2317 136 2395 δρῶν,
152 2321 417 2394 παρακελευσαμένης
429 2314 524 2382 αόταῖς
537 2320 581 2387 τῆς
599 2319 740 2384 Κλοιλίας,
768 2317 813 2372 καί

61 2403 358 2478 πρώτηςκαταργσέσης,
374 2396 562 2474 διανηξόμενοι
579 2404 763 2475 τόνποταμόν,
777 2399 812 2467 είς

62 2488 109 2556 τήν
130 2489 208 2544 πόλιν
234 2486 369 2556 ἀπῆλθον.
391 2485 460 2545 ἔνθα
487 2487 519 2554 δέ
537 2486 645 2554 πολόςό
664 2485 812 2562 Ταρκύνιος

63 2559 93 2640 ἦν
104 2575 244 2647 ἐπιορκίαν
262 2573 308 2630 καί
327 2569 454 2630 ἀπιστίαν
471 2574 526 2638 τοῖς
535 2565 677 2648 Ῥωμαίοις
689 2575 824 2650 όγκαλῧω,
