1890 2970
196 110 475 186 ιπτισνττετνπ
492 94 630 170 Rom.
646 117 710 170 τω.
720 119 755 170 11.
806 124 857 181 139

92 223 137 291 τῆς
154 221 294 297 Ταρπείας
312 219 499 295 άποσταλήναι
525 223 628 300 νόκτωρ
641 227 670 281 όν
683 226 733 282 τοῦ
744 227 857 302 χωρίου,

91 305 247 375 δηλώσοντα
261 307 297 383 τῷ
305 303 429 384 Ῥωμίιλῳ
443 312 490 374 τάς
503 311 648 383 γενομένας
660 309 693 386 τῇ
705 313 771 386 κόρη
788 312 855 387 πρός

91 393 230 463 Σαβίνους
243 392 394 469 όμολογίας,
411 390 453 451 ότι
466 397 553 468 μέλλει
566 397 600 450 τά
613 397 794 470 σκεπαστήρια
806 394 854 454 αό-

88 479 142 532 τῶν
155 476 241 534 αἷτεῖν
253 474 333 547 όπλα,
348 478 394 536 διά
407 484 454 552 τῆς
467 483 620 550 κοινότητος
634 483 684 536 τῶν
704 480 854 556 ὁμολογιῶν

89 568 345 639 παρακρουσαμένη,
374 566 489 636 δόναμίν
515 586 542 620 τε
569 562 717 625 ἅξιόισοντα
742 568 854 638 πέμπειν

87 644 133 704 ἐπὶ
146 651 177 705 τό
185 649 318 724 φρούριον
327 653 419 724 ἑτέραν
434 653 535 715 νυκτὸς,
551 649 584 715 ὧς
597 646 672 723 αὐτῷ
684 653 854 724 στρατηλάτῃ

88 736 320 808 παραληψόμενον
333 737 547 808 τοόςπολεμίσυς
553 740 673 807 γυμνοὺς
680 738 732 790 τῶν
747 731 853 792 όπλων·

90 819 141 874 τόν
155 819 183 875 δέ
201 815 317 894 όίγγιλον
343 817 569 895 αὐτομολήσαντα
593 823 659 894 πρός
672 823 719 877 τόν
739 823 853 894 βασιλέα

92 905 226 977 Σαβίνων,
254 908 406 982 κατήγορον
429 909 560 980 γενέσθαι
584 908 635 963 τῶν
654 911 700 977 τῆς
716 907 853 978 Ταρπείας

86 989 285 1064 βουλευμάτων.
304 991 331 1048 οἱ
353 992 381 1047 δέ
395 989 456 1066 περὶ
470 993 515 1047 τόν
533 991 638 1064 Φάβιόν
663 1013 691 1047 τι
711 991 758 1047 καί
780 992 852 1066 Κίγ-

87 1093 149 1130 κιον
161 1071 243 1133 οὖδέν
257 1078 384 1134 τοιοῖτον
397 1078 504 1151 λέγουσι
517 1079 665 1151 γεγονέναι,
680 1074 747 1133 όλλά
764 1077 849 1147 φυλά-

86 1162 131 1223 ξαι
143 1162 193 1230 τήν
206 1163 289 1237 κόρην
304 1163 529 1234 διαβεβαιοῦνται
542 1163 588 1224 τάς
609 1162 669 1236 περὶ
682 1163 730 1229 τήν
744 1160 849 1235 προδο-

86 1246 149 1301 σίαν
166 1247 316 1317 συνθήκας.
344 1248 378 1302 τά
398 1245 427 1301 δ’
442 1250 497 1316 ἑξῆς
516 1241 631 1310 ἅπαντες
650 1248 732 1302 πάλιν
754 1245 852 1319 ὁμοίως

86 1331 235 1410 γράφουσι.
266 1331 336 1404 φασί
359 1334 411 1406 γάρ
435 1329 476 1388 ότι
494 1332 715 1406 παραγενομένου
739 1330 789 1386 σὺν
814 1332 849 1403 τῷ

87 1417 221 1489 κρατίστῳ
235 1421 280 1486 τῆς
294 1418 420 1492 στρατιᾶς
433 1420 506 1490 μέρει
518 1418 569 1471 τοῦ
583 1419 710 1489 βασιλέως
729 1417 780 1470 τῶν
794 1423 849 1471 Σα·

86 1502 178 1573 βίνων,
192 1503 369 1574 φυλάττουσα
384 1507 431 1566 τάς
451 1502 603 1571 ὑποσχέσεις
619 1498 635 1570 ή
658 1502 780 1576 Τάρπεια
795 1504 850 1564 τοῖς

86 1586 136 1643 ωέν
148 1588 286 1659 πολεμίοις
297 1586 389 1661 άνέῳὲε
403 1590 453 1657 τήν
466 1589 638 1661 συγκειμένην
659 1585 774 1652 πυλίδα,
787 1586 849 1648 τοὺς

88 1666 209 1744 δ’έντῷ
231 1674 319 1746 χωρίῳ
345 1673 466 1745 φύλακας
492 1671 678 1740 ἀναστήσασα,
705 1670 846 1741 διαταχέων

88 1755 180 1822 σώζειν
191 1759 304 1822 έαυτοός
322 1756 397 1828 ήξίου
411 1753 477 1813 καθ’
495 1761 585 1834 ἑτέρας
604 1756 710 1824 ἐξόδους
728 1760 785 1821 τοῖς
798 1777 848 1813 πο-

88 1842 187 1912 λεμίοις
204 1839 329 1912 άφανεῒς,
353 1841 386 1906 ὧς
405 1845 567 1912 κατεχόντων
580 1838 631 1914 ήδη
656 1845 708 1898 τῶν
722 1844 849 1915 Σαβίνων

87 1928 118 1982 τό
133 1926 281 2001 φροόριον·
296 1928 483 2002 διαφυγόντων
497 1928 525 1983 δέ
537 1929 646 1996 τούτων,
661 1927 777 1999 τοόςμὲν
791 1935 847 1983 Σα·

88 2012 189 2084 βίκους,
205 2010 370 2086 ἀνεῳγμένας
383 2012 510 2091 εὗρόντας
523 2015 571 2078 τός
589 2013 682 2081 πάλας,
703 2015 848 2082 κατασχεῖν
922 2018 924 2023 ’

87 2099 119 2152 τό
139 2097 272 2171 φρούριον
291 2097 389 2173 ἔρημον
416 2101 557 2170 φυλάκων·
584 2100 632 2167 τήν
651 2098 678 2153 δι’
702 2098 846 2174 Τάρπειαν,

87 2181 122 2247 ὦς
148 2185 182 2238 τά
195 2180 260 2255 παρ’
288 2187 384 2253 ἑαυτῆς
397 2180 449 2240 ὅσα
476 2188 605 2242 συνέθετο
637 2185 847 2259 παρεσχημένην,

87 2265 182 2332 άξιοῖιν
195 2269 258 2334 τούς
269 2270 390 2341 μισθοδς
402 2272 449 2340 τῆς
467 2271 615 2344 προδοσίας
633 2270 703 2324 κατά
716 2268 779 2330 τοίς
797 2262 848 2340 δρ-

87 2374 150 2418 κους
163 2351 324 2428 ἄπολαβεῖν.

148 2437 210 2496 XL.
219 2433 333 2496 Ἔπειτα
348 2440 427 2494 πάλιν
442 2439 457 2495 ό
474 2438 523 2512 μέν
537 2439 632 2493 Πίσων
645 2436 712 2509 φησί
725 2438 777 2493 τῶν
789 2445 845 2494 Σα·

87 2526 169 2598 βίνων
181 2528 230 2582 τόν
248 2527 352 2599 χρυσόν
365 2525 479 2598 έτοήαων
503 2522 588 2580 ὄντων
603 2521 710 2582 διδόναι
734 2521 768 2605 τῇ
781 2522 853 2606 κόρη

80 2607 200 2678 rdrmpa'
221 2611 279 2668 τοῖς
288 2607 443 2683 α’ριστῳοῖς
457 2613 597 2689 βραχίοσι
603 2662 611 2690 ,
628 2618 681 2696 τήν
715 2619 865 2706 Τάρπειαν
