1890 2970
165 93 439 160 Αατεοτιτιτττι
456 95 589 148 αοτιατε.
607 99 671 150 ιτα.
682 98 726 150 1v.
783 103 818 159 τι

64 199 159 272 λίμους
171 201 329 272 στρατηγεῖν
339 195 437 265 ἱκανός.
464 201 560 256 τοίιτον
573 202 621 259 τόν
640 195 725 276 ίίνόρυ
738 204 817 272 φίλον

65 281 138 351 έχων,
166 281 211 337 καί
222 277 255 338 δι’
271 277 355 336 αὐτοῦ
370 283 432 348 τοὺς
444 278 569 356 ἀρίστους
581 287 609 341 όν
623 285 720 358 ἑκάστη
741 288 817 343 πόλει

62 367 114 422 τῶν
128 367 159 421 τιί
171 367 248 422 καινοί
261 366 431 440 πραττόντων
445 365 617 440 προσλαβὼν,
637 367 697 423 τότε
715 367 747 436 όὴ
766 371 817 424 τῶν

62 448 220 524 ὑπαιθρίων
234 451 356 524 ἐπεχείρει
370 451 517 527 πειρᾶσθαι
529 452 660 526 πολέμων,
680 450 725 507 καί
738 472 818 525 οτρα·

61 536 123 591 τεόν
149 532 193 588 ἐπὶ
212 534 351 605 Σαβίνους
364 535 477 609 έξοίγιτν,
505 529 539 590 οὕ
551 535 734 609 βουλομένους
747 532 818 606 ὑπη-

61 620 143 687 κόους
155 611 223 674 εἶναι
236 620 292 683 τοῖς
303 619 496 694 ἐπιτάγμασιν,
510 613 566 676 ἀλλ’
580 616 754 691 ἀπηλλάχθαι
768 621 818 675 τῶν

62 703 212 776 ὁμολογιῶν
239 699 385 777 οἰομένους,
411 707 440 768 ἐξ
459 689 493 760 οὗ
523 701 634 770 Τίλλιος
659 702 815 773 ἐτελεύτησε,

60 789 128 862 πρός
141 780 173 841 όν
185 787 345 857 ἐποιήσαντο
359 789 404 856 τάς
416 786 568 863 ὁμολογίας.
587 787 668 863 γνοὺς
681 787 709 844 όό
722 791 816 856 ταῦτα,

58 873 173 945 προεῖπε
187 866 221 928 όί
234 869 351 947 ἀγγέλων
362 867 434 940 ἥκειν
447 869 483 940 τίς
495 872 544 942 τήν
563 874 592 930 ίν
608 873 755 948 Φερεντίνῳ
767 895 816 948 γε·

58 957 172 1027 νομένην
184 952 286 1030 ἀγορόν
300 957 362 1022 ταίις
376 955 507 1023 εἰωθότας
521 953 587 1034 ίιπέρ
599 958 751 1015 ταίικοινοίι
765 959 816 1015 τῶν

57 1038 182 1099 Λατίνων
195 1039 375 1118 συνεδρεύειν·
388 1036 489 1118 ἡμέραν
507 1042 567 1098 τινά
581 1040 681 1119 ὁρίσας,
703 1039 736 1105 ὥς
754 1043 816 1118 περὶ

57 1124 154 1181 κοινῶν
167 1123 214 1181 καί
225 1126 346 1200 μεγοίλων
359 1126 523 1201 πραγμάτων
535 1125 586 1182 σόν
598 1120 691 1190 αὔτοῖς
703 1125 815 1199 βουλευ-

57 1209 178 1283 σόμενος.
204 1207 292 1281 οἱμὲν
318 1208 350 1278 όή
376 1209 548 1284 παρῆσαν·ό
577 1209 606 1267 δέ
628 1208 775 1286 Ταρκύνιος
800 1210 816 1268 ό

57 1294 170 1358 καλέσας
183 1287 281 1361 αὖτοὺς
292 1291 403 1368 ὖστέρει.
417 1292 451 1361 ὦς
464 1292 493 1350 δέ
506 1295 589 1362 πολίις
612 1295 713 1368 ἐγένετο
726 1299 815 1366 καθη-

56 1379 147 1449 μένοις
161 1379 264 1450 χρόνος,
278 1376 323 1434 καλ
335 1376 421 1434 ἐδόκει
447 1380 503 1445 τοῖς
523 1378 642 1435 πλείοσιν
656 1376 733 1453 ὕβρις
746 1372 815 1434 εἶναι

56 1463 86 1520 τό
101 1460 221 1535 πρᾶγμα,
236 1457 303 1539 ἀνὴρ
317 1481 354 1530 τις
363 1465 392 1517 έν
404 1464 480 1521 πόλει
493 1465 572 1520 ολκῶν
585 1465 713 1539 Κορίλλῃ,
728 1462 814 1519 όυνα-

59 1547 103 1610 τός
114 1543 142 1600 δέ
155 1544 201 1600 καί
210 1545 329 1618 χρήμασι
342 1543 387 1603 καί
397 1546 494 1618 φίλοις,
520 1547 566 1604 καὶ
580 1549 612 1603 τοί
626 1547 755 1620 πολεμικιί
769 1542 813 1601 ἀλ-

57 1650 143 1702 κιμος,
156 1631 294 1686 πολιτικόν
306 1650 334 1686 τε
345 1631 426 1705 λόγον
439 1627 521 1687 ἀπέίν
529 1626 577 1687 οὐκ
585 1627 727 1701 ἀόίινατος,
745 1629 813 1705 Τόρ·

57 1709 248 1788 νοςἜρόόνιος
261 1710 355 1788 ὄνομα,
374 1716 502 1790 Μαμιλίῳ
515 1735 541 1769 τι
563 1714 692 1791 όεοίφορος
712 1710 749 1773 ἀν
767 1714 813 1772 όιά

56 1801 106 1871 τήν
117 1798 184 1869 πρός
196 1797 229 1853 τό
243 1798 320 1857 κοινοί
327 1798 492 1872 φιλοτιμίαν,
505 1797 550 1857 καί
561 1802 702 1875 Ταρκυνίῳ
716 1799 759 1857 όιά
767 1804 813 1857 τόν

58 1885 201 1956 Μαμίλιον
211 1879 403 1958 ἀπεχθόμενος,
417 1878 461 1944 ὅτε
472 1882 706 1956 κηόεστηνέκτίνον
719 1883 812 1955 ἠξίωσε

58 1969 150 2042 λαβεῖν
159 1963 224 2025 ἀνθ’
235 1969 342 2035 ἑαυτοῦ,
356 1967 457 2038 πολλὴν
466 1971 582 2026 ἐποιεῖτο
594 1973 642 2026 τοῦ
660 1971 810 2043 Ταρκυνίου

59 2052 230 2127 κατηγορίαν,
245 2054 315 2108 τότε
328 2047 396 2111 ἀλλα
410 2051 509 2117 διεξιὼν
521 2051 585 2128 ἔργα
597 2052 756 2128 τοῦάνόρός,
771 2045 811 2119 οἷς

61 2130 197 2193 κίθαίόειοί
219 2157 257 2199 τις
269 2136 354 2195 ἐδόκει
366 2140 508 2214 προσεῖναί
520 2137 565 2194 καί
578 2137 704 2212 βαρύτης,
718 2136 763 2192 καί
778 2138 808 2192 τό

58 2221 93 2289 μί
108 2221 232 2291 παρεῖναι
247 2221 314 2293 πρός
326 2223 373 2279 τόν
399 2220 537 2294 σίλλογον,
552 2217 633 2279 αὐτόν
656 2221 807 2289 κεκληκότα,

58 2305 109 2358 τῶν
119 2299 204 2363 ἀλλων
218 2301 342 2360 ἀπόντων
367 2308 514 2378 παρόντων.
535 2303 756 2377 ἀπολογουμένου
780 2301 809 2359 δὲ

57 2389 104 2443 τοῦ
118 2387 271 2461 Μαμιλίου,
285 2387 330 2444 καί
349 2384 384 2452 τίς
402 2385 550 2465 ἀναγκαίας
571 2407 644 2452 τινας
660 2382 807 2462 ἀναφέρον-

58 2489 101 2536 τος
111 2468 198 2538 αἰτίας
211 2474 258 2528 τόν
278 2473 326 2528 τοῦ
342 2475 495 2545 Ταρκυνίου
514 2473 668 2550 χρονισμὸν,
683 2468 807 2544 ἀναβάλ-

57 2556 154 2613 λεσθαί
167 2577 193 2612 τε
206 2554 345 2622 ἀξιοῦντος
358 2559 404 2615 τὸν
418 2557 545 2628 σύλλογον
564 2553 600 2624 εἷς
613 2557 660 2630 τήν
679 2557 810 2617 όαεοῖιοαν
