1890 2970
104 113 155 174 164
221 109 380 163 DIONYSH
395 106 733 161 HALIGARNAssENsls

202 281 369 334 Horatii
404 279 581 332 coclitis
615 281 755 331 virtus.

930 40 940 357 λ

164 384 271 446 XXIV.
300 383 347 452 Ὡς
374 380 403 441 ό
428 388 456 442 ἐν
482 381 600 456 όσφαλιῖ
624 381 686 449 τοὺς
711 386 858 459 σφετέρους
932 400 935 405 ·

101 471 194 538 ῖίοξαν
207 471 359 548 γεγονέναι,
388 467 480 524 όίιο
449 488 497 543 μεν
507 471 535 530 έξ
558 461 654 532 αὐτῶν,
677 462 819 568 Ἐρμὴνιός
830 489 858 524 τι

100 577 145 612 και
136 555 285 631 Λάρκιος,
300 555 504 628 διεφθαρμένων
517 545 613 615 αὐτοῖς
626 545 726 620 ᾔδη’
692 571 743 605 των
756 572 857 608 σκεπα-

99 638 310 734 υτηρίωνόιιί
279 659 325 703 τας
338 640 453 707 συνεχεῖς
464 635 574 710 πληγείς,
588 634 728 711 ἐγένρουνέ
729 656 760 690 πι
749 632 856 694 πόδα.

99 711 218 797 Ορότιος
231 721 259 778 όέ
283 723 372 796 μόνος,
400 718 620 791 ἀνακαλουμένων
644 714 727 775 αὐτόν
741 715 844 776 οῖπό”
811 741 858 792 της

100 808 245 871 πόλεως’
210 827 262 861 των
274 827 301 862 τε
314 804 423 862 ὑπάτων
434 804 482 862 καί
493 806 545 859 τῶν
558 798 643 858 ἄλλων
657 805 783 871 πολιτῶν,
809 805 857 862 καὶ

99 911 159 965 περι
150 889 275 956 παντός
287 891 452 962 ποιουμένων
478 890 604 957 σωθῆναι
626 888 753 944 τοιοῦτον
765 883 856 963 όίνόρα

98 973 131 1046 τῇ
143 973 252 1049 πατρίόι
266 973 376 1037 καὶτοῖς
388 972 556 1047 γειναμένοις,
585 966 634 1026 οὗιι
647 971 770 1042 ἐπείσθη,
798 968 855 1028 ἄλλ’

99 1055 188 1128 ἔμενεν
201 1056 270 1113 ἔνθα
283 1056 329 1113 καί
341 1058 371 1112 τό
385 1058 489 1131 πρῶτον
506 1055 576 1124 ῖστη,
590 1055 712 1121 κελείισας
724 1060 781 1120 τοῖς
794 1057 857 1131 περὶ

98 1137 166 1196 τόν
162 1140 298 1216 Ερμήνιον
312 1143 396 1213 λέγειν
411 1141 476 1215 πρός
489 1140 551 1206 τοὺς
565 1138 696 1206 ιἰποίτσυς,
720 1139 755 1204 ὡς
768 1135 856 1198 αιῖτοῦ

100 1226 259 1299 φριίζσντος,
285 1221 490 1281 ἀποκόπτειν
461 1246 509 1296 την
521 1226 641 1300 γέφυραν
660 1222 768 1279 οίπό
735 1246 782 1294 της
803 1226 857 1281 πό.
932 1266 937 1291 ;

100 1312 159 1372 λεως
172 1313 199 1365 ἐν
211 1311 297 1380 τοῖχοι·
317 1297 350 1378 ἦν
364 1309 435 1366 δέ’
402 1330 453 1382 μισ
466 1330 515 1364 κατ
515 1303 652 1373 ἐκείνους
664 1308 726 1372 τούς
734 1310 854 1412 χρόνμυς

99 1395 293 1495 ξυλόφρακτος,
313 1389 377 1450 όνευ
397 1393 508 1470 σιδήρου
526 1390 647 1465 όεόεμένη
667 1395 725 1456 ταῖς
744 1393 853 1451 σανίσιν
930 1378 933 1397 ⁵

99 1472 206 1544 ιιόιαῖς,
234 1473 267 1548 ἣν
287 1478 332 1534 καί
356 1480 444 1553 μέχρις
466 1477 531 1549 έμοῖι
545 1475 669 1546 τοιαίιτην
683 1478 853 1547 φυλάττουσι

96 1556 236 1632 Ρωμαῖοι·
262 1563 409 1625 ἐπιστείλας
423 1560 450 1616 όέ
475 1565 530 1624 τοῖς
556 1556 737 1634 οῖνόροίσιν,
722 1580 790 1616 οταν
815 1565 851 1617 τιν’
927 1598 931 1637 5

98 1645 222 1701 πλείω”
190 1667 236 1718 της
248 1647 365 1724 γεφύρας
378 1643 465 1720 λυθῆ,
488 1666 534 1700 και
525 1645 673 1720 βραχὺ
646 1665 676 1699 το
693 1646 851 1718 λειπόμενον

95 1752 113 1802 η
128 1733 212 1803 μέρος,
227 1734 332 1808 φράσαι
344 1732 411 1807 πρός
424 1726 507 1787 αὐτόν
517 1731 634 1800 σημείοις
648 1726 727 1794 τισὶν,
742 1726 850 1804 ἢφωνῇ

95 1816 274 1888 γεγωνοτέρᾳ·
290 1835 324 1869 τα
317 1815 418 1868 ’λοιποί
430 1815 512 1887 λέγων
528 1812 612 1886 ἑαυτῷ
629 1812 758 1883 μελήσειν.
775 1809 849 1871 ταῦτ

95 1898 325 1970 ἐπικελευσάμενος
349 1901 403 1961 τοῖς
419 1897 510 1965 δυσίν,
535 1891 575 1954 ἐπ’
589 1892 669 1964 αὐτῆς
681 1896 791 1953 ῖστσται
804 1900 849 1969 τῆς
923 1886 934 1919 ’“

94 1978 219 2053 γεφόρσις,
233 1981 279 2036 καί
292 1983 343 2036 τῶν
356 1982 437 2054 όμόσε
447 1974 604 2056 γωροίινόων
616 1975 663 2046 οὓς
675 1981 723 2053 μέν
731 1981 767 2055 τῷ
777 1982 850 2053 ξίφει

94 2066 191 2131 παίων,
218 2059 265 2130 σός
283 2064 311 2120 όέ
324 2066 359 2139 τρῖ
372 2067 463 2139 θυρεῷ
475 2068 645 2142 περιτρέπων,
672 2067 775 2130 ποίντας
787 2062 849 2122 όνέ-

94 2151 176 2203 στειλε
189 2149 250 2214 τοῖς
262 2149 396 2223 ὁρμῶντας
405 2149 449 2206 έπί
462 2151 509 2217 τήν
528 2151 665 2224 γέφυραν·
691 2145 782 2206 οόκέτι
792 2151 847 2225 γόρ

94 2229 128 2298 είς
137 2237 226 2309 χεῖρας
251 2230 323 2308 αὐτῷ
344 2237 441 2309 χωρεῖν
466 2233 620 2307 έτόλμωνοί
634 2233 787 2301 διώκοντες,
812 2233 849 2300 ὥς

91 2320 218 2391 μεμῃνότι
232 2318 278 2374 καῖ
293 2320 458 2379 θανατῶντι·
480 2318 524 2374 καὶ
537 2313 594 2390 οῖμσι
607 2313 668 2376 οὖόὲ
680 2312 778 2393 ρ’ρίόιον
791 2315 847 2374 αὔ-

91 2401 126 2471 τρῖ
139 2406 297 2477 προσελθεῖν
311 2402 440 2478 ὑπάρχον,
448 2405 475 2466 ἐξ
485 2397 624 2476 εὗωνίιμων
636 2402 685 2474 μέν
697 2400 742 2456 καί
756 2402 849 2467 όεξιῶν

92 2483 175 2551 ἔχοντι
201 2489 341 2561 πρόβλημα
366 2488 413 2542 τόν
438 2490 571 2559 ποταμόν,
599 2491 627 2543 ἐκ
652 2486 680 2542 όέ
698 2487 746 2542 τοῖν
775 2491 849 2544 καταΙ

85 2571 240 2648 πρόσωπον,
273 2569 357 2632 ὅπλων
372 2592 399 2631 τε
413 2571 460 2633 καὶ
471 2575 566 2651 νεκρόν
580 2572 683 2646 σωρόν·
699 2565 754 2627 ἀλλ’
770 2567 849 2628 ὅπου
904 2568 908 2611 ί
