1890 2970
78 99 86 112 ‘
111 104 163 164 τεο
230 74 390 157 οιοατεττ
408 101 751 157 αιετααπααεεεαστε

110 204 174 268 οὔτε
188 206 302 285 πίλεμος
316 206 463 281 οῖλλοεθνῆς
475 214 504 267 ἐκ
517 212 568 268 τῶν
582 210 728 287 κρατίστων
741 208 789 268 καί
795 214 869 270 θαυ·

105 297 282 369 μασιωτέτων
315 297 365 366 τῆν
399 299 477 353 πόλιν
509 294 725 368 ἐπιτηδευμάτων
755 297 869 368 ἐκίνησε.

109 380 241 438 τοσοῦτον
254 384 307 457 γσῖρ
322 379 439 452 ιῖπέσχον
455 381 483 438 σῖ
500 382 633 456 περίοικοι
659 381 707 450 τῆν
733 378 870 456 ἇπδλεμσν

109 459 223 537 ἧσυγίαν
245 462 384 540 Ῥωμαίων
410 463 537 542 οῖφορμῆν
552 468 598 537 τῆς
623 460 680 520 κατ’
701 461 790 523 οὔτῶν
808 471 871 524 ίπι-

108 553 209 616 θέσεως
224 549 382 625 ὑπολαβεῖν,
402 545 468 606 ὥστε
481 550 527 607 καί
541 554 566 606 εἴ
577 571 615 614 τις
628 545 722 615 αδτοῖς
734 553 802 626 αρδς
815 550 865 609 ἆλ-

108 636 204 705 λῆλσυς
226 640 339 706 συνέστη
365 638 479 708 πόλεμος
507 635 701 709 διαλλακτῆρας
726 639 869 695 ἐποιοῦντο

104 715 262 792 Ῥωμαίους,
294 720 340 777 καί
363 718 408 777 έπί
433 718 523 795 διαίτῃ
548 720 581 795 τῇ
608 720 691 793 Νομιῖ
713 719 868 797 τοῖςέγθρας

108 802 226 862 διαλύειν
249 802 350 877 ἠξίουν.
389 806 486 862 τοῦτον
507 800 557 860 οὔκ
576 801 611 861 ἄν
624 801 802 874 αἰσχυνθείην
816 807 868 882 έγὼ

108 891 155 944 τὸν
179 885 266 964 δένδρα
293 892 345 946 τῶν
369 885 408 946 ἐπ’
435 884 595 964 εὐδαιμονίᾳ
621 889 826 962 διαβοηθέντων
839 897 867 947 ἐν

106 976 164 1038 τοῖς
175 976 289 1050 πρώτοις
302 978 491 1048 καταριθμεῖν.
522 976 617 1049 γε’νους
638 992 666 1028 τε
678 975 731 1047 γιὶρ
744 973 797 1046 ἔφυ
808 977 865 1048 βα-

106 1058 213 1126 σιλείου,
241 1063 347 1135 μορφῆς
361 1081 388 1115 τε
402 1057 535 1116 ἆπέλαιισε
555 1060 709 1133 βασιλικῆς,
738 1060 865 1116 παιδείαν

105 1138 179 1198 τεοῦ
194 1145 240 1212 τῆν
253 1143 313 1221 περὶ
325 1146 406 1220 λόγον
422 1139 554 1218 ἄχρηστον
564 1140 684 1214 ἤσκησεν,
713 1139 771 1200 ἀλλ’
790 1148 817 1203 ἐξ
835 1131 865 1214 ἧς

104 1222 223 1302 εὐσεβεῖν
254 1227 340 1303 έμαθε
366 1227 413 1284 καί
438 1231 485 1293 τοῖς
508 1225 591 1294 ἄλλας
615 1227 779 1298 έπιτηδείιειν
803 1227 863 1306 οῖρε·

104 1312 160 1377 τοῖς.
187 1308 336 1387 ἡγεμονίαν
351 1314 378 1371 δέ
392 1314 439 1383 τῆν
449 1310 588 1386 Ῥωμαίων
601 1314 769 1386 παραλαβεῖν
781 1311 861 1384 ῆξιὼ-

103 1399 142 1464 θη
157 1399 213 1463 νεός
227 1394 270 1465 ὢν,
283 1402 352 1454 κατιὶ
366 1400 438 1464 κλέος
451 1396 544 1470 σῖρετῆς
557 1393 602 1454 ὑπ’
616 1394 704 1453 αὐτῶν
723 1399 863 1468 ἐπίκλητος

102 1477 204 1550 ιῖχθείς,
227 1484 272 1541 καῖ
293 1482 417 1539 διετέλεσε
429 1485 602 1557 πειθομένοις
616 1478 724 1539 ἅπαντα
738 1484 784 1538 τόν
799 1486 861 1558 βίον

102 1569 157 1630 τοῖς
185 1564 341 1641 ἀρχομένοις
363 1568 510 1643 χρώμενος·
543 1562 647 1636 ῆλικίας
673 1563 700 1622 δ’
719 1568 765 1624 ene
781 1569 860 1640 μῆκο-

101 1671 165 1706 στον
178 1647 274 1721 ῆλασεν
288 1653 439 1743 ὄλόκῇρος,
458 1649 536 1709 οὐδέν
551 1651 604 1707 {md
619 1655 663 1721 τῆς
675 1651 756 1722 τδχης
767 1674 858 1710 κακω-

101 1735 174 1802 θείς,
200 1736 245 1797 καί
268 1739 397 1794 θανάτων
420 1739 466 1792 τὸν
480 1735 772 1813 ῥρῖστονίτελεδτησεν,
806 1737 858 1794 ὕπό

98 1820 185 1895 γῆρας
216 1822 379 1896 μαρανθεὶς,
412 1821 509 1894 ὁμοίου
541 1824 756 1896 παραμείναντος
785 1818 859 1898 αὔτρῖ

98 1906 149 1959 τοῖν
174 1908 412 1981 συγκληρωθέντος
436 1910 464 1972 έξ
487 1904 568 1982 ἀρχῆς
598 1905 733 1979 δαίμονος,
763 1906 810 1972 ἕως
834 1912 859 1973 ἐξ

98 1985 251 2064 ἄνθρώπων
276 1988 434 2063 ἠφανίσθη·
471 1991 572 2064 βιώσας
593 1990 642 2062 μέν
669 1991 735 2066 ὖπέρ
750 1988 856 2067 ὄγδοῆ-

96 2094 180 2131 κοντα
205 2071 262 2145 έτη,
288 2076 451 2150 βασιλεέισας
476 2075 505 2132 δέ
529 2076 592 2151 τρία
610 2075 656 2132 καῖ
674 2078 855 2152 τετταράκον-

97 2178 143 2215 τα·
175 2162 268 2236 γενεαῖν
291 2160 319 2217 δέ
338 2161 504 2229 καταλιπών,
525 2159 558 2225 ὧς
569 2161 619 2235 μέν
631 2159 658 2216 οῖ
668 2162 777 2226 πλείους
788 2165 855 2240 γρά·

97 2264 205 2314 φσυσιν,
234 2243 308 2311 διούς
329 2248 455 2323 τέτταρας
478 2244 522 2303 καί
547 2248 688 2321 θυγατέρα
715 2247 789 2318 μίαν,
818 2234 854 2304 ὦν

97 2328 135 2385 έτι
165 2330 273 2398 σώζεται
305 2333 338 2388 ταί
367 2334 445 2406 γένη·
488 2329 521 2395 ὥς
553 2330 581 2386 δέ
612 2331 722 2396 Γέλλιος
751 2336 855 2397 Γναῖος

95 2413 212 2488 ἱστορεῖ,
240 2418 381 2493 θυγατέρα
406 2419 505 2490 μένην,
532 2418 561 2480 ἐξ
583 2403 615 2486 ῆς
639 2418 740 2489 ἐγένετο
759 2410 854 2492 Ἄγκος
881 2488 884 2495 Ι

94 2501 228 2573 Μοίρκισς,
251 2500 267 2555 ὅ
285 2502 372 2578 τρίτος
389 2496 435 2558 σῖτ’
449 2502 552 2557 ἐκείνου
564 2501 704 2575 γενόμενος
712 2497 853 2559 Ῥοιααίων

76 2580 223 2656 βασιλεῖς.
262 2586 469 2663 τελευτήσαντος
495 2579 516 2643 δ’
544 2581 630 2643 αὗτεῖι
654 2588 759 2650 πένθος
784 2590 853 2662 μέγα
