1890 2970
122 107 397 179 εωτιητττεττττ
414 108 553 162 τοΜΑα.
571 112 634 163 ιτα.
645 115 690 165 1v.
776 120 810 175 75

54 215 146 286 μάτων
157 210 296 291 είσφαράς,
323 209 368 268 καί
394 211 441 267 τόν
453 210 572 289 ίξάρχῆς
584 217 684 290 τρόπον
690 213 810 273 όπακατ-

56 299 165 367 έστησε·
189 297 234 354 καί
260 297 342 354 δπότε
370 294 485 364 δεήσειεν
510 292 583 373 αδτρί
603 298 753 372 χρημάτων,
780 305 812 358 τό

55 383 116 438 ἴσον
131 381 263 457 διάφορον
277 382 292 437 ό
305 380 463 447 πενέστατος
478 383 515 455 τῷ
538 383 657 454 πλουσίῳ
676 384 812 456 κατέφερε.

55 467 137 522 τοῦτο
150 468 181 521 τό
195 469 344 538 πολίτευμα
361 464 431 520 πολὺ
450 466 499 521 τοῦ
519 464 664 538 δημοτικοῦ
689 466 814 533 πλήθους

55 547 241 617 άπατάλωσεν,
261 549 305 607 έπί
318 551 363 618 τῆς
375 547 480 624 πράτης
493 544 578 614 εδθέις
590 544 717 623 είσφορδς
730 546 813 624 άναγ-

55 634 206 706 καζομέναυ
218 635 288 692 κατά
294 633 412 705 κεφαλήν
423 636 539 690 ἑκάστου
552 632 671 711 δραχμάς
684 632 746 690 δέκα
759 631 813 691 είσ·

57 720 157 793 φέρειν.
183 718 315 784 συνόδους
331 737 365 796 τε,
377 718 528 790 συμπάσας,
542 713 607 775 ὅσαι
618 719 749 792 πρότερον
760 719 813 793 έγί·

56 823 136 861 ναντο
151 805 277 875 κωμητῶν
288 799 307 874 ἢ
326 803 514 878 φρατριαστῶν
526 800 543 872 ἢ
555 803 680 875 γειτόνων
700 801 728 858 ἔν
740 822 768 858 τε
780 801 814 877 τῇ

55 888 136 944 πόλει
146 887 193 945 καί
205 886 249 946 ent
260 889 313 944 τῶν
326 882 415 961 ἀγρῶν
424 880 467 957 ἐφ’
481 882 539 960 ίερά
552 886 598 943 καί
610 887 713 950 θυσίας
725 887 814 952 πάσας

57 972 159 1040 καινάς,
173 975 284 1047 προεῖπε
295 971 387 1046 μηκέτι
406 969 580 1036 συντελεῖν,
568 990 613 1027 ινα
629 992 667 1043 μη
659 971 814 1035 συνιόντες

58 1059 96 1121 εἷς
107 1058 138 1112 τό
152 1051 219 1113 αὐτό
230 1054 326 1114 πολλαί
338 1049 470 1128 βαυλάς’
452 1054 631 1155 απορρἡους
632 1076 680 1128 μετ
678 1050 814 1124 ’άλληλων

58 1141 189 1198 ποιῶνται
201 1160 262 1218 περι
251 1138 484 1202 καταλίσεως”
452 1158 498 1210 της
511 1136 601 1214 ἀρχῆς.
595 1158 682 1206 ,ηοαν
697 1135 725 1194 δ’
740 1135 814 1215 αέτρί

58 1224 180 1331 πολλαγῇ
193 1224 380 1302 διεσπαρμένοι
393 1223 526 1279 κατόπται
537 1223 605 1288 τινές
618 1245 665 1279 και
654 1195 814 1301 Χἶιδιερευνη

58 1309 106 1366 ταί
118 1311 169 1364 τῶν
181 1311 327 1384 λεγομένων
339 1327 367 1363 τε
383 1304 430 1361 καί
448 1308 648 1382 πραττομένων,
674 1309 814 1378 λεληθότες

60 1393 124 1457 τούς
138 1393 259 1459 πολλοὺς,
274 1388 712 1468 οίσυγκαθιέντεςεῗςόμιλίαντοίς
724 1395 810 1457 πέλας,

59 1470 815 1551 καίἔστινδτεκατάταῦτυράννουλέγοντιςαδτοί,πεῖραν

58 1565 108 1631 τῆς
120 1562 234 1616 ἑκάστου
246 1560 350 1634 γνώμης
362 1559 527 1632 ἐλάμβανον·
541 1559 631 1616 ἔπειτα
651 1554 698 1625 οὓς
711 1555 816 1634 ᾔσθου·

60 1667 92 1702 το
106 1647 163 1708 τοῖς
176 1646 356 1714 καθεστηκόσι
368 1644 525 1717 πράγμασιν
541 1642 718 1716 ἀχθομένους,
739 1664 816 1701 κατε-

59 1729 165 1808 μήνυον
178 1730 245 1804 πρός
257 1729 304 1785 τόν
324 1727 470 1803 τύραννον·
495 1729 526 1785 αί
546 1727 574 1784 δέ
599 1728 723 1801 τιμωρίαι
747 1730 816 1785 κατά

59 1816 112 1871 τῶν
126 1816 303 1887 ἐλεγχθέντων
316 1814 435 1887 ἐγίνοντο
449 1811 544 1888 πικραί
555 1812 601 1869 καί
627 1810 815 1888 άπαρυίτηται.

124 1896 229 1955 XLIV.
251 1896 309 1953 Καὶ
322 1891 372 1953 οὒκ
393 1891 493 1999 απέγρη
505 1899 590 1955 ταῦτα
605 1895 728 1971 μόνον’
705 1918 741 1963 εις
753 1900 816 1962 τούς

60 1977 270 2054 δημοτικαδς’
235 1981 307 2084 αυτῷ
324 1983 498 2058 παρανομεῖν,
522 1976 577 2037 άλλ
591 1983 678 2038 έπιλέ
663 2002 708 2047 ας
724 1986 752 2037 ἐκ
765 1983 814 2038 τοῦ

59 2061 213 2136 πληθους
198 2085 263 2121 οσον
275 2087 309 2136 ην
321 2064 418 2123 πιστόν
431 2064 523 2137 ἑαυτῷ,
538 2063 583 2120 καί
596 2060 632 2129 εἷς
644 2067 691 2129 τάς
703 2071 815 2138 πολεμι·

60 2150 117 2214 κάς.
125 2148 215 2220 γριίας
226 2149 381 2218 ἐπιτήδειον,
395 2150 426 2204 τό
437 2119 532 2205 λοιπόν
543 2145 688 2222 ἠνάγκαζεν
712 2151 816 2222 εργάζε·

61 2238 132 2291 σθαι
144 2234 192 2298 τάς
211 2234 279 2289 κατά
299 2235 377 2290 πόλιν
394 2234 528 2307 ίργοισίας,
552 2234 676 2306 μέγιστον
694 2229 815 2305 οἰόμενος
851 2230 853 2235 ’

61 2312 131 2373 εἶναι
143 2317 270 2374 κίνδυνον
281 2320 338 2382 τοίς
349 2318 504 2390 μονάρχοις,
519 2311 585 2372 ὅταν
594 2314 621 2371 οῖ
633 2318 816 2389 πονηρόταται

62 2403 115 2457 τῶν
127 2404 242 2459 πολιτῶν
260 2400 307 2458 καί
333 2397 502 2474 άπορώτοτοι
524 2399 620 2469 σχολήν
644 2394 744 2474 άγωσι·
767 2397 814 2455 καί

62 2481 119 2557 ἅμα
131 2487 290 2562 προθυμίαν
305 2484 369 2556 ίγων
381 2483 426 2541 έπί
439 2489 484 2554 τῆς
497 2480 567 2549 ἰδίας
584 2481 665 2558 ἀρχῆς
684 2484 718 2539 τά
732 2503 813 2539 κατα.
905 2552 909 2559 ἦ

62 2572 205 2643 λειφθέντα
218 2567 331 2648 ἡμίεργα
346 2565 398 2627 ὖττό
410 2571 460 2627 τοῦ
473 2569 589 2629 πάππου
603 2568 755 2638 τελειόταται,
776 2569 830 2634 τὰς
