1890 2970
136 111 189 172 214
276 106 439 163 momsn
451 107 796 163 HALICARNASSENSIS

138 238 185 282 τας
198 216 377 292 γδαριπονεῖν·
402 211 507 284 ἦίιιιίας
517 235 546 273 τε
558 219 604 286 τῆς
616 217 818 293 φρονιμωτάτης
827 215 902 272 ὄντα

137 301 454 406 τετταρακονταετίας“
417 323 472 404 γαρ
483 322 519 357 ου
508 295 636 357 ’παλδ’
617 306 723 371 απείχι·
740 299 787 356 καί
799 298 900 365 άξιὼσει

135 390 244 461 μορφῆς
266 372 460 458 βασιλικόν.
442 408 476 453 ην
490 381 569 441 δί’
532 388 619 442 αυτοῦ
632 409 679 442 και
669 387 765 450 κλέος
775 387 903 459 μίγιστον

139 469 171 527 οὗ
185 493 261 546 παρα
253 473 404 544 Κυρίταις
414 472 515 542 μόνον,
543 468 611 526 άλλιί
630 470 675 525 καί
695 472 771 569 παρά
787 472 845 533 τοῖς
857 490 904 525 πε-

138 556 251 627 ριοίκοις
263 557 307 612 ἐπί
320 555 414 628 σοφία.
439 554 475 620 ὧς
488 555 516 611 δὲ
529 558 593 610 τοῦτ
592 550 702 621 ’ἴδοξεν
716 551 817 618 αὐτοῖς,
838 576 904 626 συγ·

138 643 250 696 καλοῦσι
264 643 295 695 τό
309 643 415 707 πλῆθος
427 637 464 702 εἷς
474 643 629 710 ἐκκλησίαν
655 639 701 695 καί
714 639 861 715 παρελθὼν
878 642 904 698 ἐξ

139 720 227 780 αὗιῶν
241 726 257 780 ό
272 727 330 780 τότε
342 726 535 797 μεσοβασιλεὺς
549 719 637 792 εἶπεν,
657 720 700 780 ὅτι
718 724 796 799 κοινῇ
823 722 904 787 δόξαν

139 806 227 865 ἅπασι
246 814 302 873 τοῖς
327 810 487 882 βουλευταῖς
509 811 654 879 βασιλικήν
674 809 903 878 καταστήσασθαι

138 895 282 960 πολιτείαν,
291 895 384 968 κύριος
389 894 503 968 γεγονὼς
512 890 594 956 αὑτός
607 894 771 967 διαγνώσεως
783 895 834 948 τοῖν
847 914 902 948 τια-

137 981 327 1050 ραληψομίυου
340 980 388 1046 τήν
401 977 494 1052 άρχην,
520 980 633 1036 βασιλέα
648 982 693 1048 τῆς
705 980 805 1040 πόλεως
817 974 900 1049 αίρεῖ·

138 1084 183 1118 ται
198 1065 298 1133 Νομᾶν
318 1065 481 1135 Πομπίλιον.
507 1062 553 1118 καί
577 1066 645 1134 μετά
664 1065 746 1118 τοῦτο
766 1063 901 1136 πρεσβευ-

138 1150 185 1211 τιὶς
201 1144 377 1210 άποδείξας’
364 1168 393 1201 εκ
414 1150 466 1202 τῶν
492 1150 648 1221 πατρικίων,
674 1144 811 1204 ιίπίστειλε
836 1146 901 1209 τοὺς

138 1233 423 1336 παραληψομένους
396 1253 443 1286 τον
455 1226 576 1305 άνδρα’
563 1233 607 1288 ενιί
624 1234 672 1300 την
686 1229 784 1305 άριὴν,
809 1234 901 1287 ἐνιαυ-

141 1317 176 1388 τῷ
200 1319 278 1389 τρίτῳ
303 1321 349 1386 τῆς
367 1316 552 1386 ἑκκαιδεκάτης
567 1314 766 1391 dlvpmddocst
752 1337 780 1372 εν
792 1339 810 1391 η
798 1301 900 1371 ἐνίκα

140 1401 251 1456 στάδιον
262 1403 436 1474 Πυθαγόρας
448 1402 556 1456 Λάκων.

206 1483 284 1541 LIX.
308 1487 399 1559 Μέχρι
424 1484 525 1556 μὲνδὴ
545 1485 647 1542 τοίντων
667 1480 783 1542 οὖδὲν’
764 1487 900 1540 αντειπείν

140 1591 190 1637 εγω
203 1571 269 1640 πρὸς
283 1571 345 1635 τούς
358 1569 579 1631 ἐκδεδωκότας
549 1591 599 1638 την
611 1569 671 1644 περὶ
684 1572 731 1626 τόν
741 1564 901 1642 άνδρατοῦ·

141 1675 187 1707 ιον
214 1652 349 1726 ἱστορίαν·
375 1658 403 1708 ἐν
429 1653 457 1709 δὲ
482 1657 540 1717 τοῖς
559 1657 615 1723 ἑξῆς
627 1651 720 1728 άπορῶ
733 1655 760 1709 τί
772 1674 836 1708 ποτε
847 1655 900 1728 χρη

141 1739 231 1809 λέγειν.
258 1737 354 1793 πολλοί
366 1739 415 1808 μὲν
429 1738 456 1791 οἷ
473 1739 629 1813 γράψαντες
653 1735 696 1793 ότι
722 1739 900 1813 Πυθαγόρου

142 1823 265 1893 μαθητής
279 1822 294 1877 ό
310 1822 406 1892 Νομᾶς
418 1824 530 1894 ἐγένετο,
542 1824 589 1879 καὶ
602 1817 670 1877 καθ’
683 1817 715 1878 όν
725 1825 824 1896 χρόνον
845 1819 899 1879 ὖπό

142 1910 186 1971 τῆς
195 1902 332 1976 Ῥωμαίων
346 1907 444 1970 πόλεως
458 1904 606 1976 άπεδείχθη
619 1907 752 1979 βασιλεὺς,
780 1910 900 1977 φιλοσο-

141 1991 199 2058 φῶν
212 1993 240 2044 ίυ
252 1990 375 2061 Κρότωνι
389 1989 487 2065 διῆγεν.
513 1992 529 2047 ὅ
549 1991 576 2048 δὲ
587 1994 684 2065 χρόνος
699 1994 741 2058 τῆς
755 1991 899 2063 Πυθαγό-

140 2094 192 2149 ρου
205 2070 309 2143 ἡλικίας
320 2076 432 2146 μάχεται
445 2077 513 2149 πρὸς
527 2078 575 2132 τόν
589 2080 677 2149 λόγου.
706 2071 739 2130 οὗ
764 2078 819 2149 γάρ
838 2070 900 2130 όλί-

139 2180 198 2231 γοις
213 2156 304 2226 ἔτεσιν,
325 2157 392 2214 ιίλλιί
409 2162 535 2236 τέσσαρσι
560 2164 663 2233 γενεαῖς
689 2154 762 2223 ὅλαις
786 2155 900 2233 ὕστερος

139 2244 241 2316 ἐγίνετο
257 2245 427 2317 Πυθαγόρας
440 2246 530 2318 Νομᾶ,
545 2245 579 2310 ὣς
591 2250 620 2302 ἐκ
633 2247 684 2300 τῶν
699 2246 795 2300 κοινῶν
806 2264 900 2319 παρει-

139 2328 260 2400 λήφαμεν
274 2327 403 2403 ἱστοριῶν.
431 2327 448 2382 ό
459 2332 507 2403 μὲν
519 2333 581 2405 γάρ,
597 2329 642 2386 ἐπὶ
655 2333 699 2400 τῆς
710 2328 900 2399 ἑκκαιδεκάτης

141 2407 309 2485 ὀλυμπιάδος
320 2411 459 2484 μεσούσης,
475 2416 522 2482 την
533 2411 672 2491 Ῥωμαίων
678 2414 821 2488 βασιλείαν
828 2435 898 2486 παρ-

137 2497 229 2567 ε’λαβτ·
255 2499 428 2572 Πυθαγόρας
447 2498 475 2552 δὲ
485 2501 553 2572 μετά
567 2501 616 2570 τήν
627 2494 898 2573 πεντηκοστηνόλυμ-

136 2579 225 2635 πιάδα
250 2579 384 2656 διέτριψεν
409 2585 438 2637 ἐν
456 2575 564 2658 Ἰταλίᾳ.
603 2583 702 2640 τοὺτου
722 2583 750 2639 δέ
767 2605 793 2640 τι
804 2586 897 2659 μεῖζον
