<?xml version="1.0" encoding="UTF-8"?>
<!DOCTYPE html PUBLIC "-//W3C//DTD XHTML 1.0 Transitional//EN"
    "http://www.w3.org/TR/xhtml1/DTD/xhtml1-transitional.dtd">
<html xmlns="http://www.w3.org/1999/xhtml" xml:lang="en" lang="en">
 <head>
  <title>
</title>
<meta http-equiv="Content-Type" content="text/html;charset=utf-8" />
  <meta name='ocr-system' content='tesseract 3.04.00' />
  <meta name='ocr-capabilities' content='ocr_page ocr_carea ocr_par ocr_line ocrx_word'/>
</head>
<body>
  <div class='ocr_page' id='page_1' title='image "./operaomnia00diongoog_0881.png"; bbox 0 0 1890 2970; ppageno 0'>
   <div class='ocr_carea' id='block_1_1' title="bbox 150 141 822 210">
    <p class='ocr_par' dir='ltr' id='par_1_1' title="bbox 150 141 822 210">
     <span class='ocr_line' id='line_1_1' title="bbox 150 141 822 210; baseline 0.001 -18"><span class='ocrx_word' id='word_1_1' title='bbox 150 141 426 210; x_wconf 83' lang='lat' dir='ltr'><strong>ANTIQVITATVM</strong></span> <span class='ocrx_word' id='word_1_2' title='bbox 449 142 581 195; x_wconf 73' lang='lat' dir='ltr'><strong>ROMAN·</strong></span> <span class='ocrx_word' id='word_1_3' title='bbox 604 144 721 195; x_wconf 81' lang='lat' dir='ltr'><strong>LIB.VI.</strong></span> <span class='ocrx_word' id='word_1_4' title='bbox 774 149 822 202; x_wconf 76' lang='lat'><strong><em>375</em></strong></span> 
     </span>
    </p>
   </div>
   <div class='ocr_carea' id='block_1_2' title="bbox 62 242 821 2087">
    <p class='ocr_par' dir='ltr' id='par_1_2' title="bbox 62 242 821 1318">
     <span class='ocr_line' id='line_1_2' title="bbox 65 242 809 319; baseline -0.001 -16"><span class='ocrx_word' id='word_1_5' title='bbox 65 247 130 312; x_wconf 85' lang='grc' dir='ltr'><strong><em>πών,</em></strong></span> <span class='ocrx_word' id='word_1_6' title='bbox 159 249 230 319; x_wconf 80' lang='grc' dir='ltr'><strong><em>ἐξῆγε</em></strong></span> <span class='ocrx_word' id='word_1_7' title='bbox 243 249 290 316; x_wconf 84' lang='grc' dir='ltr'><strong><em>τήν</em></strong></span> <span class='ocrx_word' id='word_1_8' title='bbox 303 246 416 318; x_wconf 80' lang='grc' dir='ltr'><strong><em>δίναμιν</em></strong></span> <span class='ocrx_word' id='word_1_9' title='bbox 430 242 471 319; x_wconf 79' lang='grc' dir='ltr'><strong><em>ἐφ’</em></strong></span> <span class='ocrx_word' id='word_1_10' title='bbox 493 249 585 319; x_wconf 76' lang='grc' dir='ltr'><strong><em>ἑτέραν</em></strong></span> <span class='ocrx_word' id='word_1_11' title='bbox 596 249 673 303; x_wconf 89' lang='grc' dir='ltr'><strong><em>πόλιν</em></strong></span> <span class='ocrx_word' id='word_1_12' title='bbox 687 250 738 302; x_wconf 85' lang='grc' dir='ltr'><strong><em>τῶν</em></strong></span> <span class='ocrx_word' id='word_1_13' title='bbox 756 245 809 302; x_wconf 84' lang='grc' dir='ltr'><strong><em>Οάο</em></strong></span> 
     </span>
     <span class='ocr_line' id='line_1_3' title="bbox 65 327 821 405; baseline -0.001 -18"><span class='ocrx_word' id='word_1_14' title='bbox 65 330 191 402; x_wconf 82' lang='grc' dir='ltr'><strong><em>λοίσκων,</em></strong></span> <span class='ocrx_word' id='word_1_15' title='bbox 206 327 222 399; x_wconf 86' lang='grc' dir='ltr'><strong><em>ῆ</em></strong></span> <span class='ocrx_word' id='word_1_16' title='bbox 235 334 353 388; x_wconf 79' lang='grc' dir='ltr'><strong><em>καλεῖται</em></strong></span> <span class='ocrx_word' id='word_1_17' title='bbox 365 333 414 405; x_wconf 85' lang='grc' dir='ltr'><strong><em>μέν</em></strong></span> <span class='ocrx_word' id='word_1_18' title='bbox 425 331 579 397; x_wconf 86' lang='grc' dir='ltr'><strong><em>Πολοίισκα,</em></strong></span> <span class='ocrx_word' id='word_1_19' title='bbox 596 331 729 404; x_wconf 86' lang='grc' dir='ltr'><strong><em>διάστημα</em></strong></span> <span class='ocrx_word' id='word_1_20' title='bbox 744 327 773 385; x_wconf 85' lang='grc' dir='ltr'><strong><em>δ’</em></strong></span> <span class='ocrx_word' id='word_1_21' title='bbox 789 330 821 388; x_wconf 82' lang='grc' dir='ltr'><strong><em>οὗ</em></strong></span> 
     </span>
     <span class='ocr_line' id='line_1_4' title="bbox 68 411 820 489; baseline 0 -20"><span class='ocrx_word' id='word_1_22' title='bbox 68 416 135 470; x_wconf 80' lang='grc' dir='ltr'><strong><em>πολὺ</em></strong></span> <span class='ocrx_word' id='word_1_23' title='bbox 150 419 195 484; x_wconf 88' lang='grc' dir='ltr'><strong><em>τῆς</em></strong></span> <span class='ocrx_word' id='word_1_24' title='bbox 208 418 347 489; x_wconf 89' lang='grc' dir='ltr'><strong><em>Λογγόλας</em></strong></span> <span class='ocrx_word' id='word_1_25' title='bbox 362 414 458 483; x_wconf 77' lang='grc' dir='ltr'><strong><em>ἀπέχει.</em></strong></span> <span class='ocrx_word' id='word_1_26' title='bbox 473 412 579 480; x_wconf 76' lang='grc' dir='ltr'><strong><em>οὐδενός</em></strong></span> <span class='ocrx_word' id='word_1_27' title='bbox 593 413 621 469; x_wconf 70' lang='grc' dir='ltr'><strong><em>δ’</em></strong></span> <span class='ocrx_word' id='word_1_28' title='bbox 634 411 707 488; x_wconf 68' lang='grc' dir='ltr'><strong><em>αὗταί</em></strong></span> <span class='ocrx_word' id='word_1_29' title='bbox 720 418 820 489; x_wconf 80' lang='grc' dir='ltr'><strong><em>τολμη-</em></strong></span> 
     </span>
     <span class='ocr_line' id='line_1_5' title="bbox 68 498 816 573; baseline -0.001 -18"><span class='ocrx_word' id='word_1_30' title='bbox 68 520 164 563; x_wconf 83' lang='grc' dir='ltr'><strong><em>σαντος</em></strong></span> <span class='ocrx_word' id='word_1_31' title='bbox 178 498 338 569; x_wconf 74' lang='grc' dir='ltr'><strong><em>ὑπαντῆσαι,</em></strong></span> <span class='ocrx_word' id='word_1_32' title='bbox 355 499 483 563; x_wconf 77' lang='grc' dir='ltr'><strong><em>διανύσας</em></strong></span> <span class='ocrx_word' id='word_1_33' title='bbox 495 502 541 569; x_wconf 81' lang='grc' dir='ltr'><strong><em>τῆν</em></strong></span> <span class='ocrx_word' id='word_1_34' title='bbox 559 499 646 573; x_wconf 82' lang='grc' dir='ltr'><strong><em>χώραν</em></strong></span> <span class='ocrx_word' id='word_1_35' title='bbox 665 506 734 555; x_wconf 80' lang='grc' dir='ltr'><strong><em>κακαί</em></strong></span> <span class='ocrx_word' id='word_1_36' title='bbox 755 503 816 555; x_wconf 84' lang='grc' dir='ltr'><strong><em>πολ·</em></strong></span> 
     </span>
     <span class='ocr_line' id='line_1_6' title="bbox 67 579 819 661; baseline 0.003 -24"><span class='ocrx_word' id='word_1_37' title='bbox 67 585 114 651; x_wconf 83' lang='grc' dir='ltr'><strong><em>λῆν</em></strong></span> <span class='ocrx_word' id='word_1_38' title='bbox 128 579 273 652; x_wconf 78' lang='grc' dir='ltr'><strong><em>εὐπέτειαν,</em></strong></span> <span class='ocrx_word' id='word_1_39' title='bbox 286 587 434 661; x_wconf 74' lang='grc' dir='ltr'><strong><em>προσέβαλε</em></strong></span> <span class='ocrx_word' id='word_1_40' title='bbox 446 587 502 648; x_wconf 83' lang='grc' dir='ltr'><strong><em>τοῖς</em></strong></span> <span class='ocrx_word' id='word_1_41' title='bbox 513 585 621 654; x_wconf 76' lang='grc' dir='ltr'><strong><em>τείχεσι·</em></strong></span> <span class='ocrx_word' id='word_1_42' title='bbox 635 585 686 639; x_wconf 82' lang='grc' dir='ltr'><strong><em>τῶν</em></strong></span> <span class='ocrx_word' id='word_1_43' title='bbox 701 583 728 639; x_wconf 88' lang='grc' dir='ltr'><strong><em>δέ</em></strong></span> <span class='ocrx_word' id='word_1_44' title='bbox 742 604 819 659; x_wconf 86' lang='grc' dir='ltr'><strong><em>στρα-</em></strong></span> 
     </span>
     <span class='ocr_line' id='line_1_7' title="bbox 67 666 819 741; baseline 0 -20"><span class='ocrx_word' id='word_1_45' title='bbox 67 669 164 722; x_wconf 77' lang='grc' dir='ltr'><strong><em>τιωτῶν</em></strong></span> <span class='ocrx_word' id='word_1_46' title='bbox 189 667 277 741; x_wconf 77' lang='grc' dir='ltr'><strong><em>οἱμὲν</em></strong></span> <span class='ocrx_word' id='word_1_47' title='bbox 291 671 337 732; x_wconf 82' lang='grc' dir='ltr'><strong><em>τάς</em></strong></span> <span class='ocrx_word' id='word_1_48' title='bbox 362 668 447 729; x_wconf 83' lang='grc' dir='ltr'><strong><em>πάλας</em></strong></span> <span class='ocrx_word' id='word_1_49' title='bbox 470 666 660 741; x_wconf 81' lang='grc' dir='ltr'><strong><em>διακόψαντες,</em></strong></span> <span class='ocrx_word' id='word_1_50' title='bbox 689 667 716 722; x_wconf 81' lang='grc' dir='ltr'><strong><em>οἳ</em></strong></span> <span class='ocrx_word' id='word_1_51' title='bbox 734 667 761 722; x_wconf 83' lang='grc' dir='ltr'><strong><em>δὲ</em></strong></span> <span class='ocrx_word' id='word_1_52' title='bbox 776 666 819 721; x_wconf 71' lang='grc' dir='ltr'><strong><em>δια·</em></strong></span> 
     </span>
     <span class='ocr_line' id='line_1_8' title="bbox 69 747 814 826; baseline -0.003 -20"><span class='ocrx_word' id='word_1_53' title='bbox 69 751 202 824; x_wconf 76' lang='grc' dir='ltr'><strong><em>κλιμάκων</em></strong></span> <span class='ocrx_word' id='word_1_54' title='bbox 216 753 259 808; x_wconf 80' lang='grc' dir='ltr'><strong><em>ἐπὶ</em></strong></span> <span class='ocrx_word' id='word_1_55' title='bbox 271 755 301 808; x_wconf 86' lang='grc' dir='ltr'><strong><em>τό</em></strong></span> <span class='ocrx_word' id='word_1_56' title='bbox 316 756 399 823; x_wconf 79' lang='grc' dir='ltr'><strong><em>τεῖχος</em></strong></span> <span class='ocrx_word' id='word_1_57' title='bbox 418 750 574 825; x_wconf 74' lang='grc' dir='ltr'><strong><em>ἀναβάντες,</em></strong></span> <span class='ocrx_word' id='word_1_58' title='bbox 600 747 756 826; x_wconf 75' lang='grc' dir='ltr'><strong><em>αὐθημερόν</em></strong></span> <span class='ocrx_word' id='word_1_59' title='bbox 774 752 814 825; x_wconf 75' lang='grc' dir='ltr'><strong><em>γί-</em></strong></span> 
     </span>
     <span class='ocr_line' id='line_1_9' title="bbox 67 834 819 912; baseline 0.004 -24"><span class='ocrx_word' id='word_1_60' title='bbox 67 855 159 891; x_wconf 86' lang='grc' dir='ltr'><strong><em>νονται</em></strong></span> <span class='ocrx_word' id='word_1_61' title='bbox 173 835 217 892; x_wconf 81' lang='grc' dir='ltr'><strong><em>καί</em></strong></span> <span class='ocrx_word' id='word_1_62' title='bbox 236 835 332 907; x_wconf 81' lang='grc' dir='ltr'><strong><em>ταάτης</em></strong></span> <span class='ocrx_word' id='word_1_63' title='bbox 344 842 389 906; x_wconf 83' lang='grc' dir='ltr'><strong><em>τῆς</em></strong></span> <span class='ocrx_word' id='word_1_64' title='bbox 402 838 498 900; x_wconf 89' lang='grc' dir='ltr'><strong><em>πόλεως</em></strong></span> <span class='ocrx_word' id='word_1_65' title='bbox 512 834 608 912; x_wconf 80' lang='grc' dir='ltr'><strong><em>κάρισο.</em></strong></span> <span class='ocrx_word' id='word_1_66' title='bbox 634 834 667 901; x_wconf 83' lang='grc' dir='ltr'><strong><em>ὧς</em></strong></span> <span class='ocrx_word' id='word_1_67' title='bbox 688 836 716 891; x_wconf 81' lang='grc' dir='ltr'><strong><em>δέ</em></strong></span> <span class='ocrx_word' id='word_1_68' title='bbox 734 838 819 911; x_wconf 85' lang='grc' dir='ltr'><strong><em>παρέ-</em></strong></span> 
     </span>
     <span class='ocr_line' id='line_1_10' title="bbox 66 917 813 994; baseline 0 -20"><span class='ocrx_word' id='word_1_69' title='bbox 66 921 130 990; x_wconf 77' lang='grc' dir='ltr'><strong><em>λαβε</em></strong></span> <span class='ocrx_word' id='word_1_70' title='bbox 142 920 192 987; x_wconf 83' lang='grc' dir='ltr'><strong><em>τῆν</em></strong></span> <span class='ocrx_word' id='word_1_71' title='bbox 204 922 295 988; x_wconf 89' lang='grc' dir='ltr'><strong><em>πόλιν,</em></strong></span> <span class='ocrx_word' id='word_1_72' title='bbox 316 917 422 994; x_wconf 78' lang='grc' dir='ltr'><strong><em>ὀλίγους</em></strong></span> <span class='ocrx_word' id='word_1_73' title='bbox 446 923 495 993; x_wconf 86' lang='grc' dir='ltr'><strong><em>μέν</em></strong></span> <span class='ocrx_word' id='word_1_74' title='bbox 507 941 581 986; x_wconf 84' lang='grc' dir='ltr'><strong><em>τινας</em></strong></span> <span class='ocrx_word' id='word_1_75' title='bbox 597 922 725 986; x_wconf 78' lang='grc' dir='ltr'><strong><em>ἐπιλέξας,</em></strong></span> <span class='ocrx_word' id='word_1_76' title='bbox 754 920 813 974; x_wconf 77' lang='grc' dir='ltr'><strong><em>τοὺ·</em></strong></span> 
     </span>
     <span class='ocr_line' id='line_1_11' title="bbox 66 1001 819 1077; baseline 0 -19"><span class='ocrx_word' id='word_1_77' title='bbox 66 1001 168 1068; x_wconf 76' lang='grc' dir='ltr'><strong><em>αἰτίους</em></strong></span> <span class='ocrx_word' id='word_1_78' title='bbox 180 1008 226 1077; x_wconf 87' lang='grc' dir='ltr'><strong><em>τῆς</em></strong></span> <span class='ocrx_word' id='word_1_79' title='bbox 238 1002 416 1072; x_wconf 75' lang='grc' dir='ltr'><strong><em>ἀποστάσεως,</em></strong></span> <span class='ocrx_word' id='word_1_80' title='bbox 429 1003 573 1072; x_wconf 84' lang='grc' dir='ltr'><strong><em>ἀπέκτεινε,</em></strong></span> <span class='ocrx_word' id='word_1_81' title='bbox 596 1005 657 1068; x_wconf 72' lang='grc' dir='ltr'><strong><em>τούς</em></strong></span> <span class='ocrx_word' id='word_1_82' title='bbox 669 1002 696 1058; x_wconf 91' lang='grc' dir='ltr'><strong><em>δέ</em></strong></span> <span class='ocrx_word' id='word_1_83' title='bbox 709 1004 819 1068; x_wconf 77' lang='grc' dir='ltr'><strong><em>λοιποὺς</em></strong></span> 
     </span>
     <span class='ocr_line' id='line_1_12' title="bbox 62 1085 817 1164; baseline -0.003 -20"><span class='ocrx_word' id='word_1_84' title='bbox 62 1091 205 1163; x_wconf 72' lang='grc' dir='ltr'><strong><em>χρημάτων</em></strong></span> <span class='ocrx_word' id='word_1_85' title='bbox 219 1087 356 1164; x_wconf 76' lang='grc' dir='ltr'><strong><em>ἀφαιρέσει</em></strong></span> <span class='ocrx_word' id='word_1_86' title='bbox 373 1088 516 1162; x_wconf 80' lang='grc' dir='ltr'><strong><em>ζημιώσας,</em></strong></span> <span class='ocrx_word' id='word_1_87' title='bbox 542 1086 587 1144; x_wconf 83' lang='grc' dir='ltr'><strong><em>καί</em></strong></span> <span class='ocrx_word' id='word_1_88' title='bbox 599 1085 669 1144; x_wconf 82' lang='grc' dir='ltr'><strong><em>ὅπλα</em></strong></span> <span class='ocrx_word' id='word_1_89' title='bbox 685 1085 817 1160; x_wconf 54' lang='grc' dir='ltr'><strong><em>ἀφελόμεε</em></strong></span> 
     </span>
     <span class='ocr_line' id='line_1_13' title="bbox 65 1166 817 1247; baseline 0.001 -22"><span class='ocrx_word' id='word_1_90' title='bbox 65 1192 124 1238; x_wconf 88' lang='grc' dir='ltr'><strong><em>νος,</em></strong></span> <span class='ocrx_word' id='word_1_91' title='bbox 152 1169 287 1244; x_wconf 82' lang='grc' dir='ltr'><strong><em>Ῥωμαίων</em></strong></span> <span class='ocrx_word' id='word_1_92' title='bbox 314 1166 382 1228; x_wconf 83' lang='grc' dir='ltr'><strong><em>εἶναι</em></strong></span> <span class='ocrx_word' id='word_1_93' title='bbox 407 1175 437 1227; x_wconf 86' lang='grc' dir='ltr'><strong><em>τό</em></strong></span> <span class='ocrx_word' id='word_1_94' title='bbox 457 1175 551 1229; x_wconf 88' lang='grc' dir='ltr'><strong><em>λοιπόν</em></strong></span> <span class='ocrx_word' id='word_1_95' title='bbox 572 1169 721 1247; x_wconf 73' lang='grc' dir='ltr'><strong><em>ἠνάγκασεν</em></strong></span> <span class='ocrx_word' id='word_1_96' title='bbox 748 1171 817 1243; x_wconf 74' lang='grc' dir='ltr'><strong><em>ὑπη·</em></strong></span> 
     </span>
     <span class='ocr_line' id='line_1_14' title="bbox 66 1259 153 1318; baseline 0 -9"><span class='ocrx_word' id='word_1_97' title='bbox 66 1259 153 1318; x_wconf 89' lang='grc' dir='ltr'><strong><em>κόους.</em></strong></span> 
     </span>
    </p>

    <p class='ocr_par' dir='ltr' id='par_1_3' title="bbox 63 1333 819 2087">
     <span class='ocr_line' id='line_1_15' title="bbox 123 1333 819 1412; baseline -0.006 -14"><span class='ocrx_word' id='word_1_98' title='bbox 123 1335 212 1398; x_wconf 83' lang='lat' dir='ltr'>XCII.</span> <span class='ocrx_word' id='word_1_99' title='bbox 235 1337 399 1394; x_wconf 82' lang='grc' dir='ltr'><strong><em>Καταλεπὼν</em></strong></span> <span class='ocrx_word' id='word_1_100' title='bbox 419 1333 515 1412; x_wconf 77' lang='grc' dir='ltr'><strong><em>δίκαν</em></strong></span> <span class='ocrx_word' id='word_1_101' title='bbox 534 1338 618 1412; x_wconf 72' lang='grc' dir='ltr'><strong><em>ταῦτη</em></strong></span> <span class='ocrx_word' id='word_1_102' title='bbox 634 1342 805 1412; x_wconf 75' lang='grc' dir='ltr'><strong><em>βραγεῖαν”</em></strong></span> <span class='ocrx_word' id='word_1_103' title='bbox 776 1361 819 1409; x_wconf 82' lang='grc' dir='ltr'><strong><em>εης</em></strong></span> 
     </span>
     <span class='ocr_line' id='line_1_16' title="bbox 65 1411 818 1497; baseline -0.003 -19"><span class='ocrx_word' id='word_1_104' title='bbox 65 1423 192 1496; x_wconf 82' lang='grc' dir='ltr'><strong><em>στρατιάς</em></strong></span> <span class='ocrx_word' id='word_1_105' title='bbox 205 1425 302 1495; x_wconf 78' lang='grc' dir='ltr'><strong><em>μοῖραν</em></strong></span> <span class='ocrx_word' id='word_1_106' title='bbox 316 1411 390 1477; x_wconf 75' lang='grc' dir='ltr'><strong><em>ἕνεκα</em></strong></span> <span class='ocrx_word' id='word_1_107' title='bbox 399 1423 535 1492; x_wconf 85' lang='grc' dir='ltr'><strong><em>φυλακῆς,</em></strong></span> <span class='ocrx_word' id='word_1_108' title='bbox 561 1444 593 1497; x_wconf 82' lang='grc' dir='ltr'><strong><em>τῃ</em></strong></span> <span class='ocrx_word' id='word_1_109' title='bbox 582 1418 748 1477; x_wconf 83' lang='grc' dir='ltr'><strong><em>”κατόπιν</em></strong></span> <span class='ocrx_word' id='word_1_110' title='bbox 734 1426 818 1496; x_wconf 86' lang='grc' dir='ltr'><strong><em>ημέρα</em></strong></span> 
     </span>
     <span class='ocr_line' id='line_1_17' title="bbox 64 1504 818 1612; baseline 0.001 -52"><span class='ocrx_word' id='word_1_111' title='bbox 64 1509 111 1576; x_wconf 78' lang='grc' dir='ltr'><strong><em>τῆν</em></strong></span> <span class='ocrx_word' id='word_1_112' title='bbox 126 1505 241 1580; x_wconf 76' lang='grc' dir='ltr'><strong><em>δύναμιν</em></strong></span> <span class='ocrx_word' id='word_1_113' title='bbox 256 1504 406 1579; x_wconf 76' lang='grc' dir='ltr'><strong><em>ἀναλαβὼν,</em></strong></span> <span class='ocrx_word' id='word_1_114' title='bbox 412 1509 561 1612; x_wconf 78' lang='grc' dir='ltr'><strong><em>προῆγεν</em></strong></span> <span class='ocrx_word' id='word_1_115' title='bbox 550 1505 594 1561; x_wconf 75' lang='grc' dir='ltr'><strong><em>ἐπὶ</em></strong></span> <span class='ocrx_word' id='word_1_116' title='bbox 607 1507 753 1579; x_wconf 82' lang='grc' dir='ltr'><strong><em>Κοριόλαν,</em></strong></span> <span class='ocrx_word' id='word_1_117' title='bbox 768 1508 818 1561; x_wconf 89' lang='grc' dir='ltr'><strong><em>πό·</em></strong></span> 
     </span>
     <span class='ocr_line' id='line_1_18' title="bbox 65 1585 818 1689; baseline 0 -45"><span class='ocrx_word' id='word_1_118' title='bbox 65 1593 132 1645; x_wconf 78' lang='grc' dir='ltr'><strong><em>λινέ</em></strong></span> <span class='ocrx_word' id='word_1_119' title='bbox 120 1594 234 1661; x_wconf 78' lang='grc' dir='ltr'><strong><em>ἐπιφανη</em></strong></span> <span class='ocrx_word' id='word_1_120' title='bbox 220 1589 362 1664; x_wconf 67' lang='grc' dir='ltr'><strong><em>’σφόδρα</em></strong></span> <span class='ocrx_word' id='word_1_121' title='bbox 378 1590 422 1646; x_wconf 87' lang='grc' dir='ltr'><strong><em>καί</em></strong></span> <span class='ocrx_word' id='word_1_122' title='bbox 437 1585 523 1665; x_wconf 76' lang='grc' dir='ltr'><strong><em>ὥσπερ</em></strong></span> <span class='ocrx_word' id='word_1_123' title='bbox 542 1586 575 1644; x_wconf 86' lang='grc' dir='ltr'><strong><em>ἀν</em></strong></span> <span class='ocrx_word' id='word_1_124' title='bbox 585 1589 754 1689; x_wconf 82' lang='grc' dir='ltr'><strong><em>μητρόπολιν</em></strong></span> <span class='ocrx_word' id='word_1_125' title='bbox 766 1591 818 1644; x_wconf 81' lang='grc' dir='ltr'><strong><em>τῶν</em></strong></span> 
     </span>
     <span class='ocr_line' id='line_1_19' title="bbox 70 1659 817 1776; baseline -0.003 -47"><span class='ocrx_word' id='word_1_126' title='bbox 70 1669 264 1731; x_wconf 80' lang='grc' dir='ltr'><strong><em>Οὐολοίισκων·</em></strong></span> <span class='ocrx_word' id='word_1_127' title='bbox 291 1673 360 1730; x_wconf 79' lang='grc' dir='ltr'><strong><em>ενδα</em></strong></span> <span class='ocrx_word' id='word_1_128' title='bbox 374 1673 420 1730; x_wconf 90' lang='grc' dir='ltr'><strong><em>και</em></strong></span> <span class='ocrx_word' id='word_1_129' title='bbox 445 1659 596 1745; x_wconf 85' lang='grc' dir='ltr'><strong><em>δόναμις</em></strong></span> <span class='ocrx_word' id='word_1_130' title='bbox 583 1694 613 1741; x_wconf 90' lang='grc' dir='ltr'><strong><em>ην</em></strong></span> <span class='ocrx_word' id='word_1_131' title='bbox 636 1675 817 1776; x_wconf 64' lang='grc' dir='ltr'><strong><em>συνειλεγμένη</em></strong></span> 
     </span>
     <span class='ocr_line' id='line_1_20' title="bbox 65 1755 818 1862; baseline 0 -50"><span class='ocrx_word' id='word_1_132' title='bbox 65 1760 189 1862; x_wconf 83' lang='grc' dir='ltr'><strong><em>καρτερά,</em></strong></span> <span class='ocrx_word' id='word_1_133' title='bbox 215 1779 261 1814; x_wconf 86' lang='grc' dir='ltr'><strong><em>και</em></strong></span> <span class='ocrx_word' id='word_1_134' title='bbox 251 1757 304 1813; x_wconf 88' lang='grc' dir='ltr'><strong><em>τό</em></strong></span> <span class='ocrx_word' id='word_1_135' title='bbox 318 1779 401 1828; x_wconf 81' lang='grc' dir='ltr'><strong><em>τειγος</em></strong></span> <span class='ocrx_word' id='word_1_136' title='bbox 414 1780 446 1815; x_wconf 89' lang='grc' dir='ltr'><strong><em>ου</em></strong></span> <span class='ocrx_word' id='word_1_137' title='bbox 472 1755 569 1833; x_wconf 85' lang='grc' dir='ltr'><strong><em>ρρίδιον</em></strong></span> <span class='ocrx_word' id='word_1_138' title='bbox 595 1755 704 1822; x_wconf 80' lang='grc' dir='ltr'><strong><em>ἁλῶναι,</em></strong></span> <span class='ocrx_word' id='word_1_139' title='bbox 732 1759 765 1812; x_wconf 83' lang='grc' dir='ltr'><strong><em>τά</em></strong></span> <span class='ocrx_word' id='word_1_140' title='bbox 790 1779 818 1812; x_wconf 84' lang='grc' dir='ltr'><strong><em>τε</em></strong></span> 
     </span>
     <span class='ocr_line' id='line_1_21' title="bbox 64 1842 818 1916; baseline 0 -20"><span class='ocrx_word' id='word_1_141' title='bbox 64 1844 129 1916; x_wconf 89' lang='grc' dir='ltr'><strong><em>πρός</em></strong></span> <span class='ocrx_word' id='word_1_142' title='bbox 150 1844 196 1897; x_wconf 90' lang='grc' dir='ltr'><strong><em>τόν</em></strong></span> <span class='ocrx_word' id='word_1_143' title='bbox 221 1842 336 1912; x_wconf 88' lang='grc' dir='ltr'><strong><em>πόλεμον</em></strong></span> <span class='ocrx_word' id='word_1_144' title='bbox 358 1842 492 1911; x_wconf 77' lang='grc' dir='ltr'><strong><em>ἐπιτήδεια</em></strong></span> <span class='ocrx_word' id='word_1_145' title='bbox 512 1844 744 1916; x_wconf 77' lang='grc' dir='ltr'><strong><em>παρεσκευασμένα</em></strong></span> <span class='ocrx_word' id='word_1_146' title='bbox 762 1845 818 1907; x_wconf 76' lang='grc' dir='ltr'><strong><em>τοῖς</em></strong></span> 
     </span>
     <span class='ocr_line' id='line_1_22' title="bbox 63 1925 816 2002; baseline 0.001 -22"><span class='ocrx_word' id='word_1_147' title='bbox 63 1925 139 1982; x_wconf 76' lang='grc' dir='ltr'><strong><em>ἔνδον</em></strong></span> <span class='ocrx_word' id='word_1_148' title='bbox 150 1930 177 1982; x_wconf 78' lang='grc' dir='ltr'><strong><em>ἐκ</em></strong></span> <span class='ocrx_word' id='word_1_149' title='bbox 190 1929 299 1984; x_wconf 77' lang='grc' dir='ltr'><strong><em>πολλοῦ.</em></strong></span> <span class='ocrx_word' id='word_1_150' title='bbox 313 1928 476 2002; x_wconf 66' lang='grc' dir='ltr'><strong><em>ἐπιχειρήσας</em></strong></span> <span class='ocrx_word' id='word_1_151' title='bbox 491 1925 518 1982; x_wconf 85' lang='grc' dir='ltr'><strong><em>δέ</em></strong></span> <span class='ocrx_word' id='word_1_152' title='bbox 531 1927 563 2000; x_wconf 77' lang='grc' dir='ltr'><strong><em>τῆ</em></strong></span> <span class='ocrx_word' id='word_1_153' title='bbox 577 1926 729 2000; x_wconf 75' lang='grc' dir='ltr'><strong><em>τειχομαχίᾳ</em></strong></span> <span class='ocrx_word' id='word_1_154' title='bbox 741 1928 816 2000; x_wconf 79' lang='grc' dir='ltr'><strong><em>μέχρι</em></strong></span> 
     </span>
     <span class='ocr_line' id='line_1_23' title="bbox 65 2007 816 2087; baseline 0.001 -24"><span class='ocrx_word' id='word_1_155' title='bbox 65 2008 148 2079; x_wconf 87' lang='grc' dir='ltr'><strong><em>δείλης</em></strong></span> <span class='ocrx_word' id='word_1_156' title='bbox 163 2007 252 2083; x_wconf 76' lang='grc' dir='ltr'><strong><em>ὀψίας,</em></strong></span> <span class='ocrx_word' id='word_1_157' title='bbox 266 2008 446 2087; x_wconf 86' lang='grc' dir='ltr'><strong><em>ἀποκροίεται</em></strong></span> <span class='ocrx_word' id='word_1_158' title='bbox 459 2013 525 2085; x_wconf 85' lang='grc' dir='ltr'><strong><em>πρὸς</em></strong></span> <span class='ocrx_word' id='word_1_159' title='bbox 537 2012 589 2065; x_wconf 76' lang='grc' dir='ltr'><strong><em>τῶν</em></strong></span> <span class='ocrx_word' id='word_1_160' title='bbox 604 2012 738 2079; x_wconf 81' lang='grc' dir='ltr'><strong><em>ἐναντίων,</em></strong></span> <span class='ocrx_word' id='word_1_161' title='bbox 751 2012 816 2064; x_wconf 86' lang='grc' dir='ltr'><strong><em>πολ-</em></strong></span> 
     </span>
    </p>
   </div>
   <div class='ocr_carea' id='block_1_3' title="bbox 35 2089 816 2676">
    <p class='ocr_par' dir='ltr' id='par_1_4' title="bbox 35 2089 816 2676">
     <span class='ocr_line' id='line_1_24' title="bbox 64 2089 815 2169; baseline 0 -21"><span class='ocrx_word' id='word_1_162' title='bbox 64 2096 124 2157; x_wconf 83' lang='grc' dir='ltr'><strong><em>λοδς</em></strong></span> <span class='ocrx_word' id='word_1_163' title='bbox 134 2096 186 2149; x_wconf 80' lang='grc' dir='ltr'><strong><em>τῶν</em></strong></span> <span class='ocrx_word' id='word_1_164' title='bbox 199 2094 302 2150; x_wconf 77' lang='grc' dir='ltr'><strong><em>οἰκείων</em></strong></span> <span class='ocrx_word' id='word_1_165' title='bbox 322 2093 461 2159; x_wconf 79' lang='grc' dir='ltr'><strong><em>ἀπολέσας.</em></strong></span> <span class='ocrx_word' id='word_1_166' title='bbox 475 2094 508 2169; x_wconf 69' lang='grc' dir='ltr'><strong><em>τῇ</em></strong></span> <span class='ocrx_word' id='word_1_167' title='bbox 522 2090 549 2149; x_wconf 83' lang='grc' dir='ltr'><strong><em>δ’</em></strong></span> <span class='ocrx_word' id='word_1_168' title='bbox 564 2097 619 2162; x_wconf 70' lang='grc' dir='ltr'><strong><em>ἑξῆς</em></strong></span> <span class='ocrx_word' id='word_1_169' title='bbox 628 2089 712 2169; x_wconf 82' lang='grc' dir='ltr'><strong><em>ῆμέρηι</em></strong></span> <span class='ocrx_word' id='word_1_170' title='bbox 725 2093 815 2167; x_wconf 80' lang='grc' dir='ltr'><strong><em>κριούς</em></strong></span> 
     </span>
     <span class='ocr_line' id='line_1_25' title="bbox 64 2175 815 2283; baseline -0.001 -52"><span class='ocrx_word' id='word_1_171' title='bbox 64 2197 91 2232; x_wconf 84' lang='grc' dir='ltr'><strong><em>τε</em></strong></span> <span class='ocrx_word' id='word_1_172' title='bbox 106 2177 150 2233; x_wconf 83' lang='grc' dir='ltr'><strong><em>καί</em></strong></span> <span class='ocrx_word' id='word_1_173' title='bbox 161 2180 245 2254; x_wconf 79' lang='grc' dir='ltr'><strong><em>γε’ῤῥα</em></strong></span> <span class='ocrx_word' id='word_1_174' title='bbox 263 2178 307 2234; x_wconf 84' lang='grc' dir='ltr'><strong><em>καί</em></strong></span> <span class='ocrx_word' id='word_1_175' title='bbox 328 2181 466 2283; x_wconf 87' lang='grc' dir='ltr'><strong><em>κλίμακας</em></strong></span> <span class='ocrx_word' id='word_1_176' title='bbox 475 2175 707 2252; x_wconf 75' lang='grc' dir='ltr'><strong><em>εὐτρεπισάμενος,</em></strong></span> <span class='ocrx_word' id='word_1_177' title='bbox 736 2198 815 2249; x_wconf 87' lang='grc' dir='ltr'><strong><em>παρε-</em></strong></span> 
     </span>
     <span class='ocr_line' id='line_1_26' title="bbox 65 2261 816 2338; baseline -0.003 -21"><span class='ocrx_word' id='word_1_178' title='bbox 65 2263 201 2327; x_wconf 83' lang='grc' dir='ltr'><strong><em>σκευάζετο</em></strong></span> <span class='ocrx_word' id='word_1_179' title='bbox 213 2265 269 2335; x_wconf 80' lang='grc' dir='ltr'><strong><em>μέν,</em></strong></span> <span class='ocrx_word' id='word_1_180' title='bbox 290 2261 323 2326; x_wconf 82' lang='grc' dir='ltr'><strong><em>ὦς</em></strong></span> <span class='ocrx_word' id='word_1_181' title='bbox 341 2265 414 2338; x_wconf 91' lang='grc' dir='ltr'><strong><em>πάοη</em></strong></span> <span class='ocrx_word' id='word_1_182' title='bbox 433 2284 463 2334; x_wconf 82' lang='grc' dir='ltr'><strong><em>τη</em></strong></span> <span class='ocrx_word' id='word_1_183' title='bbox 492 2263 602 2335; x_wconf 78' lang='grc' dir='ltr'><strong><em>δυνάμει</em></strong></span> <span class='ocrx_word' id='word_1_184' title='bbox 626 2263 816 2336; x_wconf 79' lang='grc' dir='ltr'><strong><em>πειρασόμενος</em></strong></span> 
     </span>
     <span class='ocr_line' id='line_1_27' title="bbox 61 2342 815 2421; baseline 0 -23"><span class='ocrx_word' id='word_1_185' title='bbox 61 2349 107 2414; x_wconf 72' lang='grc' dir='ltr'><strong><em>τῆς</em></strong></span> <span class='ocrx_word' id='word_1_186' title='bbox 121 2345 261 2410; x_wconf 75' lang='grc' dir='ltr'><strong><em>πόλεως’</em></strong></span> <span class='ocrx_word' id='word_1_187' title='bbox 244 2346 361 2411; x_wconf 76' lang='grc' dir='ltr'><strong><em>ἀκούσας</em></strong></span> <span class='ocrx_word' id='word_1_188' title='bbox 382 2342 445 2402; x_wconf 76' lang='grc' dir='ltr'><strong><em>δὲ”’</em></strong></span> <span class='ocrx_word' id='word_1_189' title='bbox 430 2367 470 2401; x_wconf 88' lang='grc' dir='ltr'><strong><em>οτι</em></strong></span> <span class='ocrx_word' id='word_1_190' title='bbox 489 2345 573 2420; x_wconf 78' lang='grc' dir='ltr'><strong><em>πολλῇ</em></strong></span> <span class='ocrx_word' id='word_1_191' title='bbox 588 2366 655 2421; x_wconf 85' lang='grc' dir='ltr'><strong><em>χειρι</em></strong></span> <span class='ocrx_word' id='word_1_192' title='bbox 674 2348 815 2420; x_wconf 86' lang='grc' dir='ltr'><strong><em>μέλλουσιν</em></strong></span> 
     </span>
     <span class='ocr_line' id='line_1_28' title="bbox 38 2420 812 2504; baseline 0.001 -21"><span class='ocrx_word' id='word_1_193' title='bbox 38 2420 190 2485; x_wconf 59' lang='grc' dir='ltr'><strong><em>Αντιάται</em></strong></span> <span class='ocrx_word' id='word_1_194' title='bbox 202 2431 318 2503; x_wconf 74' lang='grc' dir='ltr'><strong><em>βοηθεῖν</em></strong></span> <span class='ocrx_word' id='word_1_195' title='bbox 329 2434 386 2496; x_wconf 79' lang='grc' dir='ltr'><strong><em>τοῖς</em></strong></span> <span class='ocrx_word' id='word_1_196' title='bbox 399 2431 575 2504; x_wconf 83' lang='grc' dir='ltr'><strong><em>Κοριολάνοις</em></strong></span> <span class='ocrx_word' id='word_1_197' title='bbox 588 2451 655 2485; x_wconf 87' lang='grc' dir='ltr'><strong><em>κατα</em></strong></span> <span class='ocrx_word' id='word_1_198' title='bbox 649 2431 699 2485; x_wconf 79' lang='grc' dir='ltr'><strong><em>’τό</em></strong></span> <span class='ocrx_word' id='word_1_199' title='bbox 713 2449 812 2503; x_wconf 83' lang='grc' dir='ltr'><strong><em>συγγε-</em></strong></span> 
     </span>
     <span class='ocr_line' id='line_1_29' title="bbox 35 2509 815 2588; baseline -0.003 -20"><span class='ocrx_word' id='word_1_200' title='bbox 35 2515 111 2581; x_wconf 63' lang='grc' dir='ltr'><strong><em>ἱνές,</em></strong></span> <span class='ocrx_word' id='word_1_201' title='bbox 137 2514 184 2570; x_wconf 82' lang='grc' dir='ltr'><strong><em>καί</em></strong></span> <span class='ocrx_word' id='word_1_202' title='bbox 208 2516 273 2571; x_wconf 83' lang='grc' dir='ltr'><strong><em>είσιν</em></strong></span> <span class='ocrx_word' id='word_1_203' title='bbox 299 2512 326 2569; x_wconf 82' lang='grc' dir='ltr'><strong><em>οἶ</em></strong></span> <span class='ocrx_word' id='word_1_204' title='bbox 350 2517 552 2588; x_wconf 77' lang='grc' dir='ltr'><strong><em>πεμφθεντεςόν</em></strong></span> <span class='ocrx_word' id='word_1_205' title='bbox 566 2511 619 2587; x_wconf 75' lang='grc' dir='ltr'><strong><em>δδρῖ</em></strong></span> <span class='ocrx_word' id='word_1_206' title='bbox 632 2509 691 2584; x_wconf 79' lang='grc' dir='ltr'><strong><em>ἤδη,</em></strong></span> <span class='ocrx_word' id='word_1_207' title='bbox 704 2513 815 2587; x_wconf 86' lang='grc' dir='ltr'><strong><em>μερίσας</em></strong></span> 
     </span>
     <span class='ocr_line' id='line_1_30' title="bbox 38 2593 811 2676; baseline -0.003 -23"><span class='ocrx_word' id='word_1_208' title='bbox 38 2598 108 2653; x_wconf 73' lang='grc' dir='ltr'><strong><em>ἱόν</em></strong></span> <span class='ocrx_word' id='word_1_209' title='bbox 133 2601 229 2656; x_wconf 78' lang='grc' dir='ltr'><strong><em>ἑαυτου</em></strong></span> <span class='ocrx_word' id='word_1_210' title='bbox 255 2601 377 2676; x_wconf 77' lang='grc' dir='ltr'><strong><em>στρατόν,</em></strong></span> <span class='ocrx_word' id='word_1_211' title='bbox 405 2598 441 2673; x_wconf 74' lang='grc' dir='ltr'><strong><em>τῷ</em></strong></span> <span class='ocrx_word' id='word_1_212' title='bbox 464 2619 513 2672; x_wconf 89' lang='grc' dir='ltr'><strong><em>μεν</em></strong></span> <span class='ocrx_word' id='word_1_213' title='bbox 537 2593 626 2666; x_wconf 77' lang='grc' dir='ltr'><strong><em>ἡμίσει</em></strong></span> <span class='ocrx_word' id='word_1_214' title='bbox 651 2617 811 2669; x_wconf 69' lang='grc' dir='ltr'><strong><em>τειηόμαχειι</em></strong></span> 
     </span>
    </p>
   </div>
   <div class='ocr_carea' id='block_1_4' title="bbox 0 0 950 2970">
    <p class='ocr_par' dir='ltr' id='par_1_5' title="bbox 0 0 950 2970">
     <span class='ocr_line' id='line_1_31' title="bbox 0 0 950 2970; baseline 0 1"><span class='ocrx_word' id='word_1_215' title='bbox 0 0 950 2970; x_wconf 95' lang='lat' dir='ltr'><strong><em> </em></strong></span> 
     </span>
    </p>
   </div>
  </div>
 </body>
</html>
