1890 2970
154 105 569 176 εντεοτιτετυυαοιεετ.
586 107 649 159 τιν.
667 111 699 160 v.
768 118 816 172 151

67 212 99 289 τῇ
111 213 272 288 προθεσμίᾳ,
288 213 412 313 τιμωρίας
426 208 518 278 αὗτσλς
532 207 631 287 ὥρισαν
644 213 747 280 άῖδίσυς
760 237 816 287 φα.

64 299 121 373 γάς,
136 295 183 354 καί
196 299 340 370 κτημάτων,
354 317 389 354 ων
402 300 545 367 ἐκέκτηντο,
558 296 703 371 δημεδσεις.
729 302 815 355 ταῦτα

64 386 117 439 τῶν
128 379 232 457 άνδρῶν
245 383 278 438 τά
295 380 479 456 πολιτεδματα
494 383 557 446 τούς
573 383 621 454 μὲν
640 379 815 439 ἀπολαύσαν-

61 487 112 530 τας
132 470 159 522 ἐκ
186 469 232 537 τῆς
251 461 343 531 οὕσίας
367 470 419 522 τῶν
443 467 577 540 τυράννων
596 461 662 522 ὅτου
676 466 708 536 δή
734 487 813 535 τινος,

63 549 131 625 ὑπὲρ
143 552 192 605 τσῖι
212 551 249 625 μη
269 548 456 624 άφαιρεθῆναι
478 550 568 614 πάλιν,
590 544 622 614 άς
642 548 727 620 ἔσχον,
742 547 812 623 οἰφε-

62 637 140 700 λείας,
155 635 242 690 πάντα
255 634 380 691 κίνδυνον
392 637 521 704 ἐποίησαν
535 631 689 704 ὖπσμὲνειν·
711 635 772 702 τσός
786 635 814 691 δι’

63 720 134 774 κατά
147 717 204 781 δέος
223 704 259 774 όιν
271 720 457 793 παρενόμησαν
470 717 514 773 ἐπὶ
524 720 568 787 τῆς
580 716 749 793 τυραννίδος,
775 720 812 792 μη

63 799 260 877 ἀναγκασθεῖεν
285 801 410 872 δποσχεῖν
433 804 520 872 τιμὴν,
541 802 652 868 §amatre
670 807 812 876 τιμησαμέ-

62 906 131 952 νους,
146 882 343 962 ἀπαλλαγέντας
361 889 409 942 τοῦ
430 887 528 960 φόβου,
547 887 639 958 μηκότι
658 887 691 941 τά
703 889 755 941 τῶν
768 907 811 942 τυ·

59 970 169 1044 ράννων,
182 967 249 1027 άλλά
262 971 296 1025 τά
308 974 352 1041 τῆς
364 973 462 1035 πόλεως
473 973 591 1047 φρονεῖν.

247 1121 335 1168 Res
386 1118 625 1170 bellicae.

122 1218 201 1278 XIV.
228 1221 442 1296 Διαπραξάμενοι
460 1221 489 1278 δὲ
507 1224 606 1289 ταῦτα,
627 1219 672 1278 καί
691 1226 724 1278 τά
744 1225 808 1297 πρός

60 1306 108 1360 τόν
121 1307 236 1376 πόλεμον
249 1301 469 1382 εὖτρεπισάμενοι,
488 1307 549 1370 τέως
561 1306 609 1378 μὲν
623 1304 674 1362 ὕπό
688 1305 720 1379 τῇ
733 1309 809 1363 πόλει

61 1391 109 1451 τάς
121 1387 244 1460 δυνάμεις
263 1394 383 1458 συνεῖχον
395 1393 423 1446 ἐν
434 1392 490 1452 τοῖς
503 1389 603 1454 πεδίοις
623 1388 676 1445 ὑπό
691 1393 808 1462 σημείοις

62 1493 89 1526 τε
103 1469 147 1526 καί
158 1466 437 1548 ἧγεμόσιτεταγμένας,
450 1472 496 1529 καί
509 1474 542 1528 τά
554 1476 620 1548 πρὸς
632 1476 679 1530 τόν
692 1476 807 1546 πόλεμον
875 1507 876 1511 =

62 1553 212 1621 άσκσιλσας·
231 1559 431 1631 πυνθανόμενοι
444 1557 506 1622 τοὺς
523 1557 647 1631 φυγάδας
659 1560 686 1621 ἐξ
697 1554 806 1612 ἁπασῶν

60 1642 113 1694 τῶν
138 1640 235 1695 πόλεων
261 1643 310 1694 τῶν
334 1643 362 1695 ίν
378 1642 512 1715 Τυρῤηνίηι
538 1638 652 1716 άγείρειν
676 1640 719 1696 ἐπί
739 1642 807 1711 σφάς

59 1725 181 1797 στρατόν,
202 1723 247 1778 καί
261 1723 310 1779 δδο
323 1725 370 1796 μέν
383 1727 469 1788 πόλεις
486 1729 515 1780 ἐκ
531 1725 580 1778 τοῦ
600 1724 720 1799 φανεροῦ
738 1729 806 1780 συλ·

57 1809 203 1878 λαμβάνειν
215 1803 307 1872 αὗτοῒς
319 1812 364 1878 τῆς
376 1807 508 1874 καθόδου,
535 1809 701 1883 Ταρκυνίτας
719 1829 747 1864 τε
760 1807 806 1862 καὶ

62 1886 252 1959 Θελῖεντανσδς,
273 1890 413 1967 άξισχράσις
431 1892 573 1965 δυνάμεσιν
591 1890 757 1967 άμφστόρας,
776 1897 805 1947 ἐκ

57 1974 86 2029 δὲ
99 1977 149 2028 τῶν
163 1972 245 2030 άλλων
258 1978 397 2042 ἐθελοντάς
414 1998 498 2042 τινας,
520 1971 565 2040 οὓς
582 1978 630 2050 μὲν
648 1976 701 2033 ὑπό
721 1979 804 2048 φίλων

57 2062 344 2132 παρασκευασθέντας,
369 2055 415 2123 οὓς
440 2059 467 2115 δι’
488 2062 684 2133 μισθοφόρους.
709 2058 765 2116 ἐπεί
779 2054 803 2112 δ’

57 2143 164 2214 ἔμαθον
178 2144 364 2210 ἐξεληλυθότας
382 2142 429 2213 ἤδη
443 2144 504 2207 τούς
515 2145 663 2215 πολεμίους,
679 2141 803 2214 άπαντηῖν

58 2221 288 2300 ιιῦτσῖςέγνωσαν,
315 2227 360 2282 καλ
374 2226 436 2301 πρὶν
461 2230 575 2291 ἐκείνους
601 2225 729 2298 διαβῆναι
754 2227 802 2280 ’τόν

59 2312 187 2381 ποταμόν,
213 2305 291 2367 αὗταί
304 2313 351 2375 τάς
364 2311 485 2383 δυνάμεις
499 2308 713 2384 διαβιβάσαντες,
742 2309 802 2377 ἐγώ·

56 2412 122 2465 ρουν
139 2395 244 2470 πρόσω,
270 2395 316 2450 καί
335 2394 672 2470 καταστρατοπεδεύσαντες
688 2395 801 2462 πλησίον

59 2478 237 2550 Τυρίρηνῶνὲν
250 2480 356 2554 λειμῶνι
368 2481 518 2550 καλουμένῳ
534 2474 638 2552 Οάίνίρι,
651 2479 726 2551 παρά
740 2478 801 2552 δρυ-

55 2560 105 2615 ιιόν
124 2560 193 2635 ἱερόν
211 2558 295 2636 η”ριοος
309 2559 433 2637 Ὀράτοιπ
452 2561 594 2637 ἐτδγχανσν
615 2561 645 2618 δὲ
667 2563 817 2630 πλὴὲετετε
