1890 2970
146 87 198 147 306
266 76 427 134 οισιινειι
447 70 786 135 αετισκοαλεεσαειε

146 191 245 266 κύριος.
270 182 433 266 συναγαγὼν
446 189 475 246 δὲ
488 190 519 245 τύ
533 192 640 260 πλῆθος
652 187 688 255 εἰς
701 189 849 261 ἐκκλησίαν,
874 193 906 247 τδ

147 297 176 332 τε
189 276 350 351 πραχθέντα
372 275 444 330 κατά
469 277 619 350 τὴνμάχην
645 270 753 332 ἅπαντα
776 274 904 344 ἐδήλωσεν

147 357 248 430 αύτοίς,
261 360 308 417 καί
321 363 352 416 τί
368 360 496 434 ψήφισμα
510 364 555 431 τῆς
574 356 714 432 Ῥωμαίων
725 362 827 435 βουλῆς
841 360 907 425 διεξ-

145 449 238 514 ῆλθεν.
265 444 481 519 ’ἀντιβολούντων
501 445 530 502 δὲ
552 447 604 501 τῶν
616 443 771 522 ἀνθρώπων
785 445 831 503 καλ
843 449 906 520 χρό-

145 552 193 587 νον
206 528 242 597 εἰς
255 531 402 606 πρεσβείαν
421 533 592 606 αἰτουμένων,
620 527 751 604 ούδεμίαν
768 529 907 604 ἀναβολὴν

146 617 332 690 ποιησάμενος,
348 617 395 680 τοίς
406 616 455 688 μέν
469 616 557 681 οἰκίας
576 616 622 672 καί
635 619 669 672 τοί
683 618 769 686 τείχη,
784 615 829 672 καί
843 619 870 672 εἰ
880 638 904 673 τι

143 697 208 760 ἄλλο
223 700 431 773 κατασκεύασμα
456 698 589 758 ἰδιωτικὸν
604 697 620 772 ἢ
634 702 764 774 δημόσιον
779 690 823 771 ἦν,
844 724 906 759 κατ-

145 793 254 863 έσκαψε,
279 789 341 853 τούς
366 786 395 843 δι’
419 784 586 863 ἀνθρώπους
597 789 664 858 μεταλ
676 788 775 856 πολλῆς
788 788 903 861 φροντί-

145 877 192 938 δος
205 874 377 948 παρέπεμπεν
390 870 425 938 εἰς
435 870 551 947 Ῥώμην,
579 866 699 946 ἀγοντάς
711 893 738 928 τε
756 875 790 927 τοί
803 876 904 928 ἑαυτῶν

141 960 265 1032 χρήματα
278 958 325 1013 καὶ
344 960 491 1032 φέροντας·
519 953 566 1023 ούς
584 957 600 1013 ὅ
618 958 717 1022 Τύλλος
743 954 904 1031 ἀφικόμενος

143 1043 198 1100 ἀπὸ
225 1044 274 1098 τού
302 1043 487 1117 στρατοπέδου
502 1047 561 1107 ταῖς
570 1038 707 1113 Ῥωμαίων
733 1046 833 1113 φυλαῖς
858 1041 903 1099 καί

142 1131 288 1204 φρατριαῒς
301 1127 446 1194 ἐπιδιεῖλεν,
476 1125 590 1198 οἰκήσεις
609 1148 637 1182 τε
657 1126 903 1199 συγκατεσκεύασεν

142 1219 170 1267 έν
185 1207 225 1278 οἷς
238 1209 317 1268 αύτολ
331 1215 503 1288 προῃροῦντο
516 1216 563 1283 τῆς
575 1215 674 1278 πόλεως
686 1214 785 1280 τείποις,
799 1211 846 1267 καί
860 1216 904 1281 τῆς

145 1298 276 1372 δημοσίας
288 1300 336 1371 γῆς
349 1300 397 1369 τήν
410 1296 551 1374 ἀρκοῦσαν
563 1300 620 1362 τοῖς
633 1297 798 1367 θητεύουσιν
810 1301 836 1361 ἐξ
849 1293 901 1352 αύ-

143 1376 194 1437 τῶν
208 1381 354 1457 ἀπεμέριζε,
382 1387 440 1447 ταῖς
454 1405 480 1438 τε
499 1377 591 1446 ἀλλοις
609 1380 829 1456 φιλανθρωπίαις
840 1379 900 1446 ἀντ’

141 1469 262 1540 λάμβανε
277 1470 306 1522 τύ
321 1470 436 1536 πλῆθος.
450 1463 466 1535 ί]
486 1469 535 1539 μὲν
551 1468 583 1536 δή
604 1469 655 1522 τῶν
667 1463 798 1541 ’Λλβανῶν
817 1468 900 1534 πόλις,

141 1545 173 1618 ἣν
188 1551 290 1608 ἔκτισεν
301 1548 436 1615 Ἀοκάνιος
457 1551 513 1616 δίξ
526 1549 635 1609 Αἰνείου
654 1557 704 1607 τού
716 1549 838 1626 Ἀγχίσου
855 1553 901 1607 καί

141 1636 281 1713 Κρεούσης
294 1640 340 1707 τῆς
354 1637 484 1710 ΙΙριοίμου
497 1639 645 1712 θυγατρὸς,
672 1637 716 1706 ἔτη
740 1636 901 1709 διαμείνασα

139 1723 206 1792 μετοί
219 1722 266 1777 τὸν
280 1718 403 1794 οἰκισμὸν
428 1725 591 1779 πεντακόσια
605 1722 685 1797 τριῶν
710 1720 755 1777 ἐπί
769 1726 825 1786 τοίς
838 1722 901 1778 δίκα

141 1807 242 1871 δέοντα,
262 1809 290 1861 ἐν
304 1799 344 1870 οἷς
357 1807 460 1874 πολλὴν
479 1805 552 1877 ἔσχεν
566 1807 688 1863 ἐπίδοσιν
701 1803 737 1870 εἰς
757 1798 923 1881 εύανδρίαν’

141 1911 168 1944 τε
182 1890 227 1944 καί
240 1891 359 1947 πλοῦτον
373 1890 419 1946 καί
432 1892 479 1961 τήν
492 1888 574 1962 ἀλλην
594 1889 705 1948 ἅπασαν
717 1887 900 1965 εύδαιμονίον,

139 1971 215 2043 ἦτοίς
228 1975 371 2050 τριοίκοντα
395 1977 520 2032 Λατίνων
535 1976 702 2035 ἀποικίσασα
717 1978 829 2046 πόλεις,
853 1976 900 2033 καί

139 2060 229 2115 ποίντα
244 2060 292 2115 τὸν
302 2061 402 2135 χρόνον
414 2059 568 2136 ἡγησαμένη
588 2064 637 2118 τού
651 2061 764 2129 ίθνους,
786 2060 839 2118 δπύ
852 2066 898 2132 τῆς

137 2145 248 2215 ἐσχάτης
262 2143 421 2211 ἀποικίσεως
444 2151 655 2224 καθαιρεθεῖσα,
677 2145 772 2221 ἕρημος
784 2143 821 2211 εἰς
837 2147 898 2202 τόδε

136 2232 235 2305 χρόνον
260 2230 384 2306 διαμένει.
410 2232 537 2304 βασιλεύς
562 2233 591 2286 δὲ
603 2225 707 2297 ’Τύλλος
725 2234 773 2288 τὸν
782 2233 897 2288 ἐπιόντα

136 2316 250 2386 χειμῶνα
277 2315 415 2383 διαλιπὼν,
443 2316 519 2390 ἔαρος
544 2314 695 2390 ἀρχομένου
718 2318 832 2392 στρατὸν
850 2317 898 2373 ίπί

140 2399 305 2470 Φιδηναίους
317 2403 398 2459 ποίλιν
409 2402 503 2474 ἐξοίγει.
525 2405 581 2466 τοῖς
601 2401 629 2457 δι’
647 2401 806 2473 Φιδηναίοις
819 2405 897 2480 κοινῇ

136 2485 183 2554 μὲν
198 2481 256 2540 οὐδ’
268 2480 382 2554 ἥτισούν
395 2486 516 2559 βοήθεια
534 2489 562 2550 ἐξ
579 2485 707 2562 οὐδεμιᾶς
726 2489 778 2544 τῶν
792 2490 895 2545 πόλεων

135 2569 185 2622 τῶν
211 2571 356 2644 συμμάχων
387 2570 512 2643 ἀφίκετο,
547 2575 722 2650 μισθοφόροι
756 2574 785 2630 δι’
828 2592 898 2640 τινες
