1890 2970
185 131 464 198 ANTIQVITATVM
473 131 607 184 ROMAN.
619 132 684 183 LIB.
695 135 740 183 VI.
792 141 843 193 939

86 237 207 312 ,ἀνάγκη
233 240 280 293 τόν
295 237 380 309 δῆμον
398 241 561 311 ἐπικυρῶσαι
575 237 622 301 τιὶς
642 233 766 309 ἡμετέρας
778 241 844 311 γνώ·

83 343 164 393 ,,μας,
192 322 287 394 ιμὴφου
299 324 443 395 γενόμενον
456 325 558 397 κύριον.
573 322 796 396 παραγγείλαντες
810 323 842 390 δὴ

85 407 139 477 ,τῷ
154 408 251 474 πλὴθει
265 410 391 479 παρεῖναι
416 409 484 463 κατιί
497 406 573 461 τόνδε
587 408 634 460 τόν
648 408 733 477 νόμον
746 404 780 470 εἷς
794 409 842 475 τήν

86 487 222 562 ,,ιίγοριίν,
249 489 358 547 ἐπειύιίν
379 490 453 563 ὑμεῖς
473 488 653 557 ἀποδείξησθε
668 492 714 554 τοίς
728 489 842 564 γνώμας,

84 570 281 649 ,μίποόόεσομεν
294 572 366 647 αύτῷ
379 578 428 644 τὴν
442 580 550 648 ψῆφον,
571 571 656 642 οὕτως
675 572 709 628 σίν
726 577 840 647 μάλιστα

85 660 263 733 ,,νομίσαντες
276 656 399 732 ἅρθῆναι
417 661 465 729 τὴν
486 659 540 734 έριν
553 657 639 728 ύμῶν·
661 656 677 712 ὅ
690 680 714 714 τι
727 654 753 713 δ’
768 655 802 714 ύίν
816 658 842 714 οί

84 743 211 816 ,πλείους
236 743 417 817 ψηφίσωνται,
442 738 524 799 τοῦθ’
551 738 712 817 ἡγησόμεθα
739 743 840 816 κύριον.

83 822 173 900 ,μίξιοι
187 826 214 882 δέ
230 827 319 896 ύήπου
331 827 430 896 ταύτης
453 825 505 884 εἶσί
518 829 565 896 τῆς
575 830 651 900 τιμῆς
664 831 802 902 τυγχάνειν
816 826 842 883 οί

83 911 272 984 ,,ύιαμένοντες
285 907 360 967 εύνοι
373 912 407 986 τῇ
418 915 504 985 πόλει,
518 911 563 967 καί
579 913 714 985 μέλλοντες
733 909 839 982 ἰσομοι-

83 999 159 1072 ,,ρελν
171 992 235 1066 ἡμῖν
249 997 335 1051 κακῶν
349 1016 376 1052 τε
392 995 437 1051 καὶ
451 993 594 1069 οίγαθῶν.“

148 1078 266 1136 LXVII.
292 1075 373 1136 Ταῦτ’
398 1076 514 1146 εἰπόντες
538 1079 661 1137 όιίλυσοιν
676 1083 723 1137 τόν
749 1079 842 1138 σύλλο-

83 1184 150 1235 γον·
163 1167 221 1228 ταῖς
234 1161 263 1218 δ’
282 1166 339 1233 ἑξῆς
351 1160 460 1237 ἡμέραις
479 1167 659 1239 παραγγεῖλαι
675 1163 843 1228 κελεύσαντες

85 1244 172 1304 όπασι
185 1249 322 1310 τοῖςνιατοί
336 1248 398 1310 τούς
411 1245 511 1322 οἷγρούς
528 1248 575 1303 καί
594 1250 627 1304 τοί
640 1248 759 1323 φρούρια
774 1271 842 1324 παρ·

85 1335 169 1404 εἶναι,
191 1329 237 1386 καί
249 1330 283 1405 τῇ
294 1332 383 1405 βουλῇ
396 1331 643 1408 προαγορεύσαντες
660 1328 733 1402 ἥκειν
746 1330 782 1398 είς
794 1337 841 1400 την

85 1412 171 1483 αύτὴν
195 1411 309 1489 ἡμέραν,
341 1415 430 1485 ἔπειύὴ
456 1418 613 1488 κατέμαθον
638 1414 719 1485 ὄχλου
744 1420 841 1486 μεοτὴν

86 1488 172 1556 ούσαν
184 1501 233 1568 τὴν
254 1501 348 1573 πόλιν,
375 1497 421 1555 καί
438 1503 484 1564 τοὶς
502 1500 609 1574 γνώμας
628 1502 679 1555 τῶν
698 1502 842 1574 πατρικίων

86 1585 260 1657 ἐξηττωμένας
272 1584 324 1638 τῶν
337 1582 457 1658 όεὴσεων,
480 1580 510 1650 ύίς
523 1587 664 1640 ἐποιοῦντο
679 1583 728 1639 σύν
741 1581 843 1657 οἰμωγῇ

85 1666 132 1724 καί
150 1666 259 1742 όύυρμῷ
277 1669 385 1744 πατέρες
402 1689 430 1724 τε
448 1669 493 1724 καὶ
510 1671 593 1738 νίχπια
613 1669 691 1725 τέκνα
709 1669 760 1723 τῶν
774 1664 842 1722 οἷπο·

85 1754 197 1825 στατῶν,
223 1753 256 1827 τῇ
269 1752 348 1827 κυρίᾳ
361 1755 412 1809 τῶν
423 1748 526 1832 ἡμερῶν
539 1753 645 1828 ἐξῄεσαν
656 1752 700 1808 ἐπὶ
714 1753 762 1818 τὴν
776 1747 843 1824 οἷγο·

87 1840 136 1911 ριίν
149 1838 394 1911 στενοχωρουμένην
407 1841 435 1893 ἐκ
456 1839 553 1906 πολλῆς
573 1837 610 1892 ἔτι
624 1838 717 1900 νυκτός
732 1831 843 1892 ἅπασαν

90 1921 154 1996 ’ν’χλῳ
166 1919 341 1995 παντοδαπῷ.
355 1920 401 1976 καὶ
414 1922 595 1998 παρελθόντες
606 1919 650 1976 έπί
663 1922 693 1976 τό
707 1917 779 1994 ἱερόν
793 1921 840 1976 τού

96 2007 249 2076 ῑΙφαίοτου,
276 2004 346 2062 ένθα
371 1995 404 2074 ἡν
422 2005 488 2070 ἔθος
514 2000 607 2070 αύτοῖς
630 2008 679 2071 τός
703 2006 842 2073 ἐκκλησίας

102 2093 221 2162 πιτελεῖν,
241 2092 348 2165 πρῶτον
359 2090 407 2163 μέν
424 2085 557 2164 ἐπῄνεσαν
579 2090 625 2144 τόν
643 2089 729 2161 δῆμον
747 2086 791 2145 ἐπὶ
811 2091 842 2159 τῇ

107 2173 192 2248 τουόῇ
218 2173 263 2231 καί
282 2173 425 2248 προθυμίᾳ
443 2177 489 2244 τῆς
510 2175 579 2230 κατό-
596 2175 702 2242 πλῆθος
718 2170 841 2243 όφίξεως·

112 2278 176 2313 εειτα
200 2259 382 2335 παρεκάλεσαν
399 2258 555 2328 έκύέχεσθαι
573 2251 637 2331 μεθ’
655 2254 781 2328 ἡσυχίας,
797 2254 842 2321 ἕως

118 2345 243 2416 ’γένηται
255 2344 285 2398 τό
298 2340 491 2418 προβούλευμα
504 2346 550 2413 τῆς
562 2343 677 2417 βουλῆς·
690 2346 746 2403 τοῖς
760 2336 788 2396 δ’
803 2338 841 2396 οί·

122 2428 164 2494 ’σις
182 2425 406 2484 τῶνόποστατῶν
431 2424 541 2501 ιίγοθός
565 2422 707 2501 παρῄνουν
732 2425 843 2490 λλπίόας

128 2535 158 2583 ιν,
182 2509 216 2576 ὥς
233 2507 266 2568 ού
280 2510 326 2567 ύιοί
337 2513 442 2587 μακροῦ
462 2513 648 2583 κομιουμένοις
667 2513 701 2567 τοί
718 2511 841 2582 φίλτατα.

134 2600 148 2654 τί
166 2597 247 2654 τούτο
263 2599 443 2676 παρελθόντες
456 2593 491 2661 τίς
504 2597 535 2653 τό
549 2594 699 2670 συνέδριον,
722 2590 805 2650 αύτοί
816 2615 848 2646 τε

604 2681 628 2726 Y
650 2689 668 2726 ’λ
