1890 2970
142 110 432 184 'ANquvlvATVM
450 109 585 165 ROMAN.
602 113 666 165 LIB.
677 114 724 165 111.
793 116 843 174 343

39 226 47 247 “
91 225 220 299 Ρωμαίων
228 223 351 298 πόλεμον
362 223 497 298 ἐκφέρειν·
526 221 573 292 τήν
587 221 616 277 δέ
633 223 669 294 μή
682 223 844 293 μετέχουσαν

86 311 132 378 τῆς
145 309 284 383 στρατείας
304 306 452 363 ἔκσπονδον
470 300 547 363 εἶναι.
571 301 646 362 ταῦτ’
661 306 844 380 ἐπικυρώσαν·

85 414 127 459 τες
139 395 276 469 όξήμον“
245 416 291 460 τας
304 391 440 465 δυνάμεις·
455 413 500 448 και
490 389 653 462 διαδόντες
668 393 714 445 τόν
726 392 841 467 Ίίβερεν,

85 476 171 551 ἀγχοῦ
201 479 318 548 Φιδήνης
343 479 467 534 τίθενται
490 478 523 531 τό
542 471 620 533 ὅπλα.
653 477 790 550 γενόμενοι
817 479 844 533 δὲ

84 568 131 634 τῆς
155 566 253 628 πόλεως
265 563 363 632 ταότης
380 565 515 637 ἐγκρατεῖς
529 561 575 617 δαί
589 561 751 637 προδοσίας,
781 582 844 618 στα-

85 649 237 705 σιασάντων
250 652 316 725 πρός
330 645 459 716 ἅλλήλους
479 651 529 702 τῶν
552 650 580 702 ἐν
606 642 686 720 αὗτῇ,
699 667 746 701 και
735 645 844 703 πολλοὶ

83 734 133 808 μίν
146 731 257 806 σώματα
278 735 415 805 λαβόντες,
435 734 535 801 πολλήν
550 732 577 786 δὲ
591 732 663 787 λείαν
682 736 710 786 ἐκ
723 726 843 799 τήςῬω-

84 819 173 890 μαίων
183 819 271 892 χώρας
284 817 445 882 ἐλαύνοντες,
460 814 588 885 ιίντήλθον
603 811 642 872 ἐπ’
658 817 742 884 οἴκου,
759 836 844 890 φρου·

84 906 138 980 ριὶν
161 907 190 959 ἐν
209 904 243 978 τῇ
260 902 362 978 Φιδήνῃ
387 903 577 966 καταλιπόντες
591 899 760 977 ἀποχρῶσαν.
776 898 844 971 αὕτη

84 991 140 1064 μεὶρ
159 983 175 1058 ή
196 991 273 1053 πόλις
295 988 458 1062 ὁρμητήριον
478 980 571 1050 αδτοῖς
591 986 676 1043 ἐδόκει
701 988 845 1061 κράτιστον

85 1073 199 1130 ἔσεσθαι
225 1075 273 1130 τοῦ
287 1074 355 1128 κατα·
370 1069 509 1145 Ῥωμαίων
525 1072 653 1144 πολέμου.
677 1073 805 1145 βασιλεὺς
818 1072 845 1127 δὲ

89 1158 239 1231 Ταρκύνιος
251 1154 287 1220 εἷς
300 1153 411 1212 τούπιὸν
425 1157 482 1222 ίτος
490 1151 637 1228 Ῥωμαίους
651 1176 676 1210 τε
688 1156 845 1229 σύμπαντας

84 1244 265 1309 καθοπλίσας,
277 1241 323 1297 καὶ
336 1241 411 1317 παριί
424 1244 476 1297 τῶν
490 1242 635 1314 συμμάχων
650 1235 731 1303 ὅσους
743 1241 842 1298 ἐδδνα-

85 1348 117 1383 το
132 1328 271 1392 πλείστους
296 1326 475 1400 παραλαβὼν,
502 1329 590 1401 ἐξῆγεν
605 1325 649 1382 ἐπὶ
662 1326 724 1390 τούς
737 1329 844 1398 πολεμί-

85 1433 133 1476 ους
147 1411 224 1485 ίαρος
239 1409 394 1488 ολρχομὲνου,
413 1409 478 1486 πρίν
491 1413 607 1476 ἐκείνους
626 1412 811 1480 συναχθέντας
821 1417 846 1477 ἐξ

83 1496 198 1553 ἁπασῶν
212 1499 262 1551 τῶν
276 1497 376 1552 πόλεων
388 1491 427 1551 ἐπ’
443 1491 533 1560 αὐτόν,
549 1495 582 1561 ὡς
589 1497 640 1568 πρό
646 1516 726 1570 τερον,
740 1500 843 1551 ἐλθεῖν·

83 1581 132 1638 καί
148 1579 237 1637 διελὼν
251 1579 286 1640 εἷς
301 1579 348 1635 δίο
361 1582 457 1681 μοίρας
470 1579 580 1637 ἅπασαν
600 1581 646 1646 τήν
662 1579 783 1652 δύναμιν,
799 1584 845 1649 τῆς

83 1668 133 1740 μέν
157 1661 303 1737 Ρωμαίκῆς
316 1683 442 1739 στρατιας
461 1662 541 1728 αὐτὸς
561 1661 714 1768 ἡγούμενος,
742 1666 786 1720 ἐπὶ
799 1668 845 1731 τοὶς

85 1753 221 1815 πόλεις”
187 1771 239 1804 των
256 1750 433 1824 Τυῤῥηνῶν’
420 1753 591 1854 εσερείτευσε,
608 1753 653 1819 τῆς
667 1749 695 1804 δὲ
713 1770 844 1824 συμμαχι

86 1841 143 1906 κής,
156 1840 184 1891 ἐν
196 1858 215 1910 η
202 1821 259 1891 ἵεδ
274 1837 399 1892 πλεῖστον
410 1837 488 1909 μέρος
502 1824 535 1901 ήν
549 1837 599 1890 τῶν
613 1837 751 1903 Λατίνων,
770 1830 844 1909 Ἡγί-

86 1944 144 1998 ριον
156 1924 203 1978 τόν
219 1921 315 1977 ἑαυτοῦ
331 1940 445 1994 συμμενη
431 1921 609 1995 ’στρατηγόν
626 1878 776 1988 οίποδείξόις,
802 1919 845 1975 ἐπὶ

85 2009 150 2070 τοὺς
175 2010 204 2061 ἐν
235 2005 339 2078 Φιδήνῃ
357 2005 502 2077 πολεμίους
514 2008 631 2061 ἐκελευσε
643 2008 745 2079 χωρεῖν.
766 2002 844 2077 ήμὲν

84 2080 136 2148 οὖν
149 2091 303 2162 σνμμοιχική
322 2092 435 2159 πλησίον
448 2093 493 2158 εής
510 2089 626 2158 Φιδήνης
646 2085 693 2144 οὐκ
706 2093 734 2143 ἐν
750 2087 844 2160 ἄσφα-

83 2179 125 2233 λεί
135 2176 223 2250 χωρίῳ
236 2177 334 2246 θεμένη
348 2177 393 2230 τὸν
404 2176 520 2244 χάρακα,
549 2173 594 2230 δισλ
609 2175 639 2227 τό
666 2178 844 2248 καταφρονεῖν

83 2264 136 2318 τῶν
150 2260 290 2333 πολεμίων,
306 2256 399 2334 ὀλίγον
412 2261 484 2324 τινός
495 2258 601 2327 ἐδέησεν
615 2253 708 2313 ἅπασα
723 2258 844 2329 διαφθα-

84 2351 178 2422 ρῆναι·
192 2345 220 2401 οἱ
232 2347 284 2419 μείρ
298 2348 326 2400 ἐν
341 2344 373 2418 τῇ
390 2345 465 2400 πόλει
477 2340 593 2418 φρουροί
605 2343 741 2414 βοήθειαν
754 2344 844 2416 ἑτέραν

85 2435 163 2507 παρὰ
180 2431 324 2504 Τυρρηνῶν
338 2428 428 2505 κρύφα
440 2427 685 2501 μεταπεμψάμενοι,
700 2426 747 2483 καί
759 2429 843 2498 φυλή·

84 2519 177 2582 ξαντες
187 2517 282 2590 καιρδν
293 2513 450 2584 ἐπιτήδειον,
476 2512 625 2579 ἐξελθόντες
638 2515 666 2568 ἐκ
679 2516 725 2584 τῆς
736 2512 851 2576 πόλεως,

84 2604 133 2658 τόν
145 2622 173 2655 τι
179 2602 291 2673 χάρακα
305 2601 356 2655 ταῖν
366 2600 504 2672 πολεμίων
513 2597 615 2680 ἔλαβον
631 2598 778 2680 λξέφδδοα
793 2596 875 2674 φολν,
