1890 2970
102 137 153 196 264
238 134 397 188 οιοιινειι
414 131 757 188 ιιιιιοΑιιιιιεειειιειε

102 243 152 313 „ab
163 243 259 320 μικροίς
285 244 332 306 τοὶς
345 241 451 317 πρώτας
464 239 545 316 ἄριιίς
559 244 698 315 λαβόντες,
726 238 760 298 οὗ
777 235 865 319 aaut?

102 373 120 397 „
139 327 349 432 ρόνῳμεγίρτην
361 330 412 385 τῶν
426 328 613 431 πλησιοχώρων
625 330 727 384 πόλεων
743 329 791 396 τήν
803 324 865 384 Ῥω-

103 433 175 518 ,,μην
193 414 378 484 πεποιήκαμεν
397 413 503 477 τείποις
523 418 580 478 τοῖς
599 414 803 485 πολιτεύμασιν,
828 403 865 468 σἰν

103 499 157 568 ,,σῦ
171 502 341 604 κατηγορεῖς,
365 497 526 602 χρώμενοι.
533 501 563 554 τὸ
583 499 612 553 δέ
626 495 797 566 σιασιοίζονε
782 500 864 571 ημῶν,

104 584 180 652 ,,έπεί
193 583 238 640 καί
252 585 331 640 τοῦτο
345 579 379 637 δι’
399 577 576 652 αἷτίαςεῖχες,
603 603 624 636 ω
640 586 787 654 Φουφέτιε,
815 579 865 639 οὔκ

105 674 169 737 ,,έπι
159 668 330 742 διαφθορᾷ
344 667 390 723 ιιαι
408 669 547 724 ἐλαττώσει
564 671 617 723 τῶν
630 671 733 736 κοινῶν,
749 663 805 724 αλλ’
822 668 867 724 ἐπὶ

104 755 242 830 ,,σωτηρίᾳ
256 752 300 810 καί
320 749 428 821 αὐξήσει
440 756 550 828 γίνεται.
578 753 796 826 φιλοτιμούμεθα
813 757 866 828 γάρ

105 839 151 908 ,,οί
161 840 284 914 νεώτεροι
290 839 358 913 πρὸς
364 840 426 902 τούς
437 841 643 912 πρεσβυτέρους,
660 838 707 894 καὶ
720 837 747 895 οἱ
760 837 864 894 ἔποικοι

104 924 865 1001 ,,πρόςτοὺςέιτικοιλεσαμένοας,πότεροιπλείοναποιήσω·

105 1030 172 1082 ,,μεν
179 1012 210 1064 τὸ
218 1011 309 1066 κοινὸν
317 1007 422 1082 ἀγαθοί.
430 1007 476 1064 ἵνα
484 1009 731 1082 δέσιιντεμώνείπω,
742 1011 865 1079 τοῖςμέλ-

105 1097 317 1169 ,,λοιισινὲτέρων
325 1089 413 1169 ἄρξειν
421 1093 469 1150 δίο
479 1097 618 1166 προσεῖναι
625 1093 766 1160 daturam,
776 1095 823 1160 τήν
837 1098 865 1151 ἐν

104 1179 160 1253 ,,τηῖ
168 1180 272 1252 πολέμῳ
280 1176 408 1248 ίσχύνκαί
420 1183 469 1246 τήν
482 1183 510 1233 έν
524 1181 559 1251 τῷ
564 1179 747 1251 βουλεύεσθαι
758 1181 874 1253 φρίκη,

104 1284 183 1332 ,,σιν·
198 1259 365 1370 απερίήμᾶς
367 1261 594 1338 ἐστιναμφότερα
610 1259 703 1320 καὶὸιι
718 1285 751 1320 ον
742 1260 865 1329 ’κενόςὸ

106 1344 267 1420 ,,κόμπος”
252 1371 268 1418 η
283 1351 382 1413 παντος
389 1347 708 1424 λόγουκρειττωνπειρα
694 1370 759 1420 ημιν
766 1369 869 1436 μαρτν·

108 1439 176 1510 ,,ρεῖ.
187 1426 867 1538 τοσαίτηνμοίινμιγέθεικαίδυνάμιιπόλινοῦχοῖ-

109 1523 156 1590 ,,ὀν
169 1509 237 1589 τεήν
245 1521 375 1592 γενέσθαι
386 1521 461 1594 τρίτη
474 1520 553 1594 μενεηῖ
565 1539 632 1587 μετα
645 1520 692 1574 ιόν
705 1517 838 1590 οἰκισμὸν,
847 1516 869 1574 εἰ

109 1628 162 1677 ,μη
155 1607 200 1662 τό
201 1599 648 1713 ,τεἄνδρεῖονὲπερίττενενμῦτή
628 1626 673 1659 και
663 1602 716 1658 τί
724 1606 866 1677 φρόνιμον

109 1735 125 1759 ,,
129 1712 220 1747 ικαναι
210 1689 263 1745 δὲ
276 1692 470 1790 τεκμηριῶσαι
465 1691 496 1744 τὸ
512 1680 695 1764 κρατοςαῧτής
708 1689 804 1744 πολλαὶ
818 1692 867 1746 πί·

108 1780 179 1843 ,,λεις
193 1780 221 1830 ἐκ
234 1796 284 1829 τον
298 1775 424 1829 Λατίνων
438 1794 519 1829 ονσοι
531 1775 632 1849 μένους,
652 1774 699 1830 καί
713 1775 760 1842 τήν
779 1777 867 1832 κτίσιν

108 1857 171 1929 Ηαφ’
189 1857 262 1929 ὑμῶν
281 1858 399 1927 ἔχουσαι,
426 1856 457 1914 αἳ
470 1860 515 1927 τήν
542 1857 671 1933 ὑμετέραν
690 1858 867 1932 ὑπεριδοῦσαι

108 1945 212 2012 ,,πόλιν,
237 1939 302 2014 ήμῖν
328 1945 576 2016 προσκεχωρήκασι,
602 1944 647 2000 καί
667 1943 720 2000 ὕπὸ
730 1941 867 2016 Ῥωμαίων

107 2023 262 2103 ,,έρχεσθαι
277 2026 415 2100 μᾶλλον’
398 2031 520 2090 αξιοῦσιν
544 2025 561 2097 ή
586 2027 639 2085 ὕπὸ
663 2025 808 2102 Ἀλβανῶν·
833 2028 867 2093 ὡς

108 2110 199 2184 ,,ήμῶν
211 2115 260 2185 μέν
278 2110 444 2186 αμφότιρα“
435 2117 533 2169 ικιινῶν
546 2112 629 2169 ὄντων
642 2115 704 2179 ιοιίς
726 2135 753 2170 τε
772 2115 867 2185 φίλους

107 2222 157 2302 ,,εμ
170 2203 266 2265 ποιεῖν,
282 2220 328 2254 και
341 2198 402 2261 τοὺς
416 2198 530 2274 ἐχθροὺς
544 2219 642 2262 κακως·
667 2193 785 2300 ὖμῶνι)’
800 2193 864 2254 ουδ’

109 2283 212 2392 ,,ἑιερα.
239 2285 327 2340 πολλοί
353 2278 423 2352 εἶχον
438 2303 475 2338 ετι
488 2305 533 2337 και
547 2285 658 2357 ἰσχυροὶ,
685 2308 705 2340 ω
723 2288 864 2355 Φουφὲτιι,

106 2373 193 2446 ,,πρὸς
205 2372 252 2435 τοίς
265 2363 461 2435 δικαιώσεις,“
442 2390 473 2432 ας
484 2368 517 2422 σὺ
531 2371 672 2442 παρέσχες,
697 2372 796 2442 λέγειν·
810 2370 868 2439 μιί

106 2476 203 2522 ,,ταιον
218 2455 245 2511 δι’
259 2454 327 2530 ὄρῶν
343 2455 491 2522 τὸνλόγον,
506 2453 551 2509 καί
564 2458 591 2509 έν
605 2457 652 2524 ἴσῳ
665 2455 698 2508 τοί
711 2455 796 2510 πολλοὶ
809 2458 868 2518 τοῖς

107 2544 184 2607 ,,σοίς
197 2542 283 2614 λόγοις
296 2540 518 2613 ἐλεγχθησιίμενα,
533 2540 599 2615 πρὸς
612 2536 773 2603 ἀντιπάλους
785 2538 865 2604 ὄντας

107 2622 196 2689 ,,ἷιιιιίς
221 2624 282 2690 τούς
308 2623 430 2688 δικαίους
455 2627 547 2699 κριτοὶς
560 2624 683 2698 παύομαι
701 2627 789 2697 λέγων.
815 2620 864 2681 ἕνα
