1890 2970
664 4 888 18 Μή

83 84 138 144 334-
205 81 364 135 DIONYSII
383 79 728 166 HALICARNASSENSIS

85 211 138 254 τες
147 187 174 257 ρί
193 183 240 245 ἄπ’
259 189 362 245 ἐκείνου
363 184 534 264 γενόμενοι,
560 209 631 260 μετα
620 189 711 244 δε
683 210 731 257 την
744 189 850 244 Κολλα·

86 274 147 337 τίας
160 272 324 350 παράδοσιν,
351 274 437 330 ίπί“
409 296 457 330 τον
457 274 636 378 καλοδμενρν
649 275 847 376 Κορνίκολον“
833 296 847 329 ο

85 360 249 430 βασιλεδςὲ
249 361 423 435 στράτευσιν·
451 349 492 427 ήν
499 359 527 413 δέ
540 360 646 434 κᾳκείνη
661 361 709 415 τοῦ
723 359 848 416 Λατίνων

87 440 313 514 έθνουςήπόλις.
340 444 502 513 λεηλατήσας
516 445 545 500 δέ
570 446 618 513 τήν
642 445 733 517 χώραν
759 439 848 500 αὑτῶν

87 551 157 586 κατα
148 531 271 597 πολλήν
285 525 385 594 άδειαν,
402 524 553 610 οδδενός
541 531 608 603 υπέρ
634 526 715 599 αὐτῆς
742 526 848 602 οἷμυνο-

85 617 177 688 μένου,
191 617 257 688 πρός
271 611 354 680 αὗτήν
367 613 542 687 στρατεύεται
562 616 608 682 τήν
634 617 720 682 πόλιν,
747 635 848 690 προκα-

87 701 214 774 λοδμενρς
226 699 289 764 τούς
302 693 403 773 ἄνδρας
421 695 458 763 είς
477 700 585 772 φιλίαν·
626 694 659 754 οὗ
677 700 845 773 βουλομένων

87 784 116 840 δέ
131 780 220 841 αδτῶν
234 781 270 846 εἰς
290 783 435 856 διαλλαγάς
460 785 560 851 ἐλθεῖν,
586 781 653 839 άλλά
667 782 713 840 καί
727 786 777 840 τοῦ
791 787 846 840 τεί-

84 889 150 938 χους
162 868 195 942 τῇ
208 865 351 942 ὀχυρότητι
364 870 547 936 πεποιθότων,
563 868 609 925 καὶ
621 869 773 941 συμμαχίας
779 891 846 927 παν-

86 955 205 1022 ταχόθεν
220 947 288 1020 ήξειν
303 950 438 1025 σίομένων,
454 954 515 1030 περί
528 956 616 1010 πάντα
630 956 678 1009 τόν
691 953 789 1013 κέιιλον
801 958 846 1023 τῆς

87 1040 185 1101 πόλεως
197 1039 245 1106 τήν
257 1037 372 1111 δύναμιν
389 1041 550 1112 περιστήσας
565 1035 738 1112 ’ἐτειχομάχει
766 1037 793 1096 οἶ
819 1039 847 1094 δέ

86 1123 289 1198 Κορνικόλανοι
302 1124 387 1180 πολδν
401 1124 448 1195 μὲν
459 1125 558 1199 χρόνον
571 1122 700 1194 ἀντεῖχον,
723 1121 847 1200 άνδρείως

87 1205 298 1281 άπομαχόμενοι,
312 1207 359 1263 καί
371 1211 470 1273 πολλάς
489 1213 545 1272 τοῖς
570 1211 758 1285 προσβαλοῦσι
784 1212 849 1279 πλη-

87 1293 137 1365 χιίς
149 1291 263 1353 ἔδωκαν.
288 1294 432 1366 κάμνοντες
446 1293 474 1349 δέ
494 1294 526 1368 τῇ
546 1296 666 1366 συνεχείᾳ
681 1295 732 1349 τῶν
750 1296 849 1361 πόνων,

87 1376 134 1433 καί
150 1373 213 1434 οδδί
230 1379 278 1449 τήν
303 1374 389 1446 αὐτήν
415 1378 453 1435 ἔτι
472 1379 580 1453 γνώμην
605 1375 720 1443 ἅπαντες
747 1381 848 1450 φυλάτ-

88 1482 189 1527 τοντες·
209 1466 266 1526 τοῖς
275 1463 324 1536 μέν
337 1465 416 1567 γάρ
404 1462 489 1518 ε’δόιιιι
501 1463 684 1539 παραδιδόναι
697 1463 746 1531 τήν
759 1466 846 1529 πόλιν,

87 1550 144 1611 τοῖς
156 1544 192 1600 δὲ·
189 1549 273 1621 μέχρι
285 1550 385 1612 παντός
399 1544 528 1618 ἀντέχειν·
557 1544 591 1604 δι’
609 1544 677 1604 αὐτό
690 1550 721 1604 τό
736 1549 848 1604 στασιά-

88 1632 139 1697 ζειν
151 1629 252 1733 μᾶλλον
265 1631 505 1706 καταπονοίιμενοι,
521 1636 590 1689 κατά
604 1635 700 1709 κράτος
719 1635 847 1690 ἑάλωσαν.

87 1717 118 1772 τό
132 1718 180 1788 μίν
194 1703 243 1773 οδν
257 1719 402 1794 κράτιστον
415 1714 503 1775 αὐτῶν
517 1720 596 1793 μέρος
608 1723 637 1774 ἐν
651 1740 683 1793 ιη
673 1719 848 1791 καταλήψει

87 1804 133 1871 τῆς
147 1802 245 1868 πόλεως
256 1805 409 1877 μαχόμενον
427 1803 569 1878 διεφθάρη,
588 1804 620 1859 τό
635 1802 694 1858 δὲ’
676 1805 774 1878 αχενές,
801 1801 847 1859 καί

89 1885 135 1941 διά
149 1888 230 1941 τοῦτο
245 1888 369 1955 σωθέν,’
356 1909 384 1943 εν
397 1887 574 1962 ἀνδραπόδων
585 1891 694 1964 ἐπράθη
707 1892 784 1963 λόχῳ,
799 1910 846 1963 yv-

90 2059 190 2114 σθείσα
205 2055 256 2113 ὑπό
270 2060 322 2115 τῶν
335 2059 534 2136 κεκρατηκότων
548 2037 717 2132 ἐνεπρήσθη·
743 2054 784 2130 ἐφ’
806 2054 846 2123 οἷς

89 2138 115 2197 οἶ
136 2144 254 2199 Λατῖνοι
275 2146 395 2212 χαλεπῶς
420 2144 544 2216 φέροντες
570 2145 741 2216 ἐψηφίσαντο
770 2144 844 2219 κοινῇ

88 2229 218 2301 στρατιάν
231 2225 275 2283 ἐπὶ
284 2224 431 2302 Ῥωμαίους
444 2230 596 2303 ἐξαχαχεῖν·
616 2227 662 2284 καί
675 2249 843 2304 παρασκευα-

88 2313 197 2384 σάμενοι
216 2313 317 2381 πολλήν
337 2311 451 2384 δύναμιν
457 2353 466 2378 ,
492 2313 528 2376 είς
538 2314 587 2382 τήν
599 2315 744 2388 κρατίστην
755 2314 845 2387 χώραν

87 2393 174 2452 αὐτῶν
187 2399 322 2470 ἐνέβαλον,
344 2401 371 2462 ἐξ
383 2382 412 2465 ής
432 2394 614 2468 αἰχμαλώτους
637 2398 752 2463 πολλοὺς
775 2395 843 2464 άπή·

85 2503 180 2556 χαμον,
196 2482 243 2538 καί
257 2485 327 2546 λείας
340 2483 462 2555 ε’χένοντο
475 2485 589 2557 μεχάλης
602 2482 698 2556 κδριοι.
717 2481 842 2551 βασιλεῦς

76 2564 114 2621 ’δὲ
130 2566 278 2642 Ταρκυίνιος
290 2566 386 2638 ίξῆλθτ
398 2568 447 2640 μίν
459 2562 499 2622 ἐπ’
514 2563 612 2632 αὖτοὺς
624 2568 672 2638 τήν
685 2561 801 2633 εὔζωνόν
816 2589 842 2623 τε
884 2604 888 2628 ι
