1890 2970
179 68 456 141 Αυτιρυιεαευα
475 68 609 123 αοΜεει.
627 70 691 123 ειε.
701 71 747 123 111.
798 78 849 133 305

88 201 180 255 ,μετα
220 181 323 238 Μίτιον
338 177 367 235 δι’
384 179 536 251 Φουφότιον
549 174 656 259 ἀφανῶς
675 201 702 235 τε
714 175 780 253 ήμῖν
792 183 848 237 ε’πι-

89 263 304 340 ,,βουλεόσαντα,
320 259 436 321 καίοῦδὲ
448 266 497 321 νῶν
511 260 665 333 ὀκνήσαντα
679 263 724 321 ἐπὶ
735 266 769 323 va*
777 260 846 322 ὅπλα

88 351 171 420 ,τούς
196 350 358 425 ταραχώδεις
376 349 422 407 καί
441 349 603 416 στασιαστὰς
616 353 717 417 καλεῖν,
735 350 849 424 τιμωρή-

87 457 192 509 ,,σομαι
206 439 251 507 τῆς
261 439 344 506 κακής
356 434 404 492 καί
417 436 509 491 δολίου
529 438 615 509 φυχής
628 431 737 500 ἀξίως.“
760 437 846 492 ταῦτα

88 523 209 586 λέξαντος
235 516 334 588 αὗταί,
361 522 392 576 τό
408 520 457 593 μὲν
482 521 670 598 ἐρεθιζόμενον
694 525 741 592 τής
757 524 846 591 ἐκκλη-

89 607 150 671 οίας
182 607 262 682 με’ρος
286 605 409 676 ἔπτηξεν,
443 598 489 661 οία
511 605 543 675 δή
566 603 845 683 κρατοόμενονάνόχ·

89 714 123 767 κῃ
149 687 304 765 ἀφυλάκτῳ.
335 691 382 746 τόν
415 689 443 746 δὲ
474 693 628 763 Φουφίτιον
660 688 846 766 ἀγανακτοῦν·

89 798 124 831 τα
137 774 176 832 ἔτι
198 775 244 832 καί
257 777 405 850 κεκραγότα
417 776 513 848 μόνον,
525 777 573 841 τοίς
586 796 614 832 τε
628 778 767 846 συνθήκας
780 773 847 832 ἀνα-

88 860 269 932 καλούμενον,
299 856 331 926 ἀς
361 857 444 924 αὔτδς
467 864 613 934 όξηλίχχθη
637 860 844 937 παρασπονδῶν,

86 945 134 1002 καί
148 940 207 1002 οὔδ’
221 949 250 1002 ἐν
263 949 356 1012 κακοῖς
368 947 417 1002 τοῦ
429 946 553 1021 θροίοους
567 945 719 1020 ὑφιέμενον,
733 946 846 1022 016⁰:ss-

87 1031 190 1101 δοῶχοι,
206 1030 360 1096 κελεύοντος
372 1035 420 1088 ταῶ
432 1032 561 1105 βασιλέως
570 1032 684 1101 Τίλλσυ,
700 1033 847 1106 συλλαβόν·

87 1137 137 1184 τες,
152 1114 197 1172 καί
212 1117 259 1185 τήν
272 1120 378 1187 ἐσθῆτα
398 1117 683 1191 περικαταρρήξαντες,
697 1116 800 1180 ἔξαινον
815 1119 846 1173 τό

86 1203 165 1273 σῶμα
178 1202 284 1276 μάστιξι
303 1203 375 1259 πιίνυ
396 1203 514 1265 πολλαῖς.
541 1200 598 1257 ἐπεὶ
618 1201 646 1258 δὲ
670 1200 769 1272 ταότης
788 1197 845 1266 όλις

85 1280 139 1355 εἶχε
160 1289 206 1356 τής
225 1287 369 1362 τιμωρίας,
396 1287 608 1360 προσελάσαντες
625 1286 675 1343 δύο
690 1285 846 1362 συνωρίδας,

86 1372 120 1444 τῇ
132 1372 183 1444 μὲν
197 1375 272 1448 ίτὲρρι
286 1371 445 1445 προσήρτων
462 1371 523 1436 τούς
539 1372 687 1447 βραχίονας
701 1367 799 1437 αὐτοῦ,
815 1371 847 1444 τῇ

85 1451 115 1510 δ’
130 1457 207 1531 ἑτέρᾳ
222 1457 284 1521 τούς
304 1456 390 1520 πόδας
404 1459 515 1532 ῥυτῆρσι
533 1460 660 1530 μακροῖς·
680 1459 846 1514 ἐλαυνόντων

85 1539 115 1595 δὲ
128 1543 179 1596 τῶν
199 1537 312 1611 ήνιόχων
333 1543 380 1606 τῶς
391 1541 538 1614 συνωρίδας
557 1535 603 1598 ἀπ’
617 1538 745 1609 ἀλλήλων,
759 1543 847 1606 ξαινό-

83 1628 163 1698 μενός
174 1646 201 1680 τε
214 1627 274 1702 περί
288 1625 321 1699 τῇ
334 1628 369 1700 χῇ
383 1623 427 1681 καί
442 1622 637 1699 ἀνθελκόμενος
657 1621 701 1698 ὑφ’
722 1629 845 1699 ἑκατέρας

84 1708 131 1766 ἐπὶ
144 1708 285 1775 τάναντία,
314 1709 329 1765 ὁ
350 1710 464 1775 δειλαίας
481 1714 509 1766 ἐν
523 1708 604 1785 ὀλίγῳ
624 1710 773 1767 διασπᾶται
783 1712 846 1785 χρό-

84 1816 131 1869 νῳ.
154 1799 256 1861 Μὲτιος
273 1794 324 1868 μὲν
345 1793 378 1863 δή
402 1799 553 1868 Φουφέτιος
573 1791 658 1863 οὕτως
679 1793 787 1872 οἰκτρῶς
800 1795 846 1851 καί

84 1877 239 1955 ἀσχήμονος
263 1883 383 1950 τελευτής
409 1879 489 1950 ἔτυχε.
516 1883 572 1944 τοῖς
591 1876 615 1935 δ’
628 1883 745 1960 ἑταίροις
762 1876 848 1937 ατίτοῶ

84 1963 134 2021 κοιλ
159 1965 292 2022 συνειδόσι
306 1966 354 2033 τήν
373 1965 526 2040 προδοσίαν
545 1961 632 2022 αὐτοῦ
660 1966 848 2041 δικαστήριαό

84 2051 213 2119 βασιλεὺς
226 2049 359 2117 καθίσας,
374 2050 438 2111 τοὺς
451 2048 564 2114 ἁλόντας
577 2055 604 2116 ἐξ
616 2048 705 2108 αὐτῶν
719 2055 788 2109 κατοί
801 2053 846 2109 τὸν

85 2136 359 2192 τῶνλιιποτακτῶντε
373 2134 420 2191 καί
433 2135 573 2210 προδοτῶν
586 2138 671 2210 νόμον
687 2135 845 2193 ἀπέκτεινεν.

151 2216 259 2277 XXXI,
280 2214 325 2275 Ἕν
338 2207 358 2292 ᾧ
373 2219 401 2276 δέ
414 2222 502 2279 ταῦτα
513 2222 615 2294 ἐγένετο
635 2223 735 2296 χρόνῳ,
761 2221 846 2296 Μαίρ-

82 2300 266 2380 κοςὌροίτιος
291 2304 308 2360 δ
320 2309 572 2380 προαπεσταλμένος
584 2308 651 2379 μεταλ
676 2309 727 2362 τῶν
755 2306 846 2362 ἐπιλί-

82 2408 155 2448 ιιτοιν
165 2389 211 2447 ίπί
224 2391 273 2459 τήν
285 2391 449 2466 καθαίρεσιν
461 2394 508 2461 τῆς
516 2386 616 2463 Ἄλβας,
638 2393 734 2460 ταχέως
747 2389 845 2447 διανί-

82 2495 134 2542 υαε
145 2475 194 2546 τήν
206 2475 280 2542 δδόν,
295 2474 341 2532 καί
355 2476 515 2550 καταλαβὼν
527 2475 614 2541 πόλας
638 2497 665 2533 τε
691 2473 846 2542 ἀκλείστους

83 2557 132 2622 καί
143 2562 230 2634 τεῖχος
249 2557 419 2633 ἀφόλακτον,
446 2557 558 2625 εὗπιτῶς
570 2561 675 2634 γίνεται
689 2564 733 2632 τής
747 2562 846 2626 πόλεως

118 2640 309 2696 mamm.
597 2643 620 2692 U
