1890 2970
107 119 159 178 198
229 108 389 162 DIONYSII
404 105 745 160 HALICARNASSENSIS

108 220 272 285 διετέλεσαν,
301 214 514 274 ἐπιδείκνυσθαι.
539 210 638 277 ἐκεῖνος
663 213 754 268 τοίνυν
769 210 786 268 ό
799 208 870 290 οῖκίηρ

108 301 311 379 συγκαταλάσσς
333 301 383 374 μέν
405 299 467 364 τοὺς
490 298 611 372 βασιλεῖς
628 299 726 362 ἐντοῖς
750 297 869 374 πράτοις

108 391 236 465 τέσσαρσι
248 387 404 462 πατρικίοις,
418 383 464 441 καί
478 377 705 455 δημεάσαςαιῖτοῖν
717 382 765 447 τάς
778 379 867 457 ὓπάρ·

107 478 172 539 ξιις,
198 472 316 548 τιτράκις
334 470 363 526 δέ
379 473 426 540 τῆς
444 467 574 538 ὑπατικῆς
593 466 713 533 ἐξουσίας
724 468 867 543 γενόμενος

108 557 218 634 κόριος,
243 556 385 630 μεγίστους
399 552 489 609 δέδόο
515 554 623 621 νικήσας
647 554 793 628 πολέμους,
820 551 867 610 καί
933 568 937 631 f

931 674 938 881 Ι

108 641 267 718 θριάμβους
293 637 450 712 καταγαγὼν
475 630 521 691 ἄπ’
547 633 719 713 ἀμφοτέρων,
745 637 794 692 τόν
817 637 865 710 μέν

109 727 213 801 πρῶτον
226 721 281 779 άπό
295 725 343 779 τοῦ
359 722 502 796 Τυρῥηνῶν
518 719 624 787 ἔθνους,
638 723 685 776 τόν
698 720 727 776 δέ
741 720 866 797 διάτερον

110 805 165 863 άπό
179 807 314 882 Σαβίνων,
335 805 463 868 τοιαίιτας
476 800 601 879 άφορμάς
611 807 801 879 χρηματισμοῦ
814 808 865 861 λα-

108 891 172 963 βὼν,
186 885 218 956 άς
231 887 318 955 οὗδείς
330 889 364 954 ὧς
377 887 486 962 αῖσχράς
499 885 534 944 άν
551 889 597 944 καῖ
610 886 721 952 άδίκους
734 889 865 962 διέβαλεν,

110 970 158 1043 οὐχ
171 975 237 1030 ἑάλω
255 975 288 1046 τῇ
306 976 408 1038 πάντας
426 972 660 1047 καταδουλουμένῃ
679 971 727 1028 καῖ
745 971 867 1044 άσχημο·

109 1061 164 1114 νεῖν
178 1055 365 1131 ἀναγκαζούσῃ
377 1059 576 1133 φιλοχρηματίᾳ
588 1078 594 1091 ·
610 1055 663 1112 ἄλλ’
680 1057 724 1114 ἐπὶ
737 1058 770 1132 τῇ
782 1057 868 1132 μικρρῖ

109 1139 155 1197 καί
168 1142 402 1217 πατροπαραδότῳ
427 1140 552 1213 διέμεινεν
566 1138 653 1216 ου’σίηι,
680 1144 809 1213 σώφρονα
819 1142 866 1197 καί

109 1220 232 1300 αὗτάρκη
246 1225 293 1282 καὶ
304 1228 393 1296 πάσης
405 1228 553 1298 ἐπιθυμίας
569 1226 706 1301 κρείττονα
728 1228 791 1298 βίον
805 1228 864 1300 ζῶν,

109 1308 156 1366 καί
168 1310 268 1376 παῖδας
284 1311 328 1366 όπῖ
353 1313 410 1376 τοῖς
433 1307 532 1381 ὀλίγοις
553 1310 689 1383 χρήμασιν
714 1313 861 1386 ἐθρέψατο,

108 1394 266 1467 τοῦγένους
284 1392 387 1460 άξίους·
413 1392 458 1449 καί
478 1393 559 1465 δῆλον
580 1395 689 1464 όποίησε
702 1395 796 1461 πᾶσιν,
821 1390 864 1450 ὅτι

109 1479 237 1544 πλοόσιος
250 1475 298 1548 οὐχ
310 1480 327 1536 ὅ
339 1481 426 1536 πολλά
440 1479 594 1550 κεκτημένος
606 1478 684 1546 ἐστίν,
706 1476 775 1536 άλλά
790 1478 864 1551 όμι-

108 1565 177 1638 κρῶν
191 1563 355 1636 δεησόμενος.
382 1563 470 1626 πίστις
483 1558 511 1616 δ’
526 1559 637 1638 άκριβὴς
649 1560 695 1619 καί
717 1561 864 1635 άναμφίλε·

109 1668 171 1712 κτος
183 1651 228 1718 τῆς
242 1645 400 1723 αὐταρκείας
412 1648 460 1703 τοῖν
475 1643 579 1721 άνδρός,
589 1642 782 1715 ἢνάπεδείξατο
790 1650 863 1723 παρά

108 1732 196 1787 πάντα
207 1734 253 1787 τόν
267 1735 315 1789 τοῦ
327 1734 391 1804 βίου
402 1732 507 1804 χρόνον,
533 1727 549 1800 ἦ
563 1734 629 1804 μετά
642 1734 765 1788 θάνατον
778 1727 862 1788 αὐτοῦ
930 1744 934 1756 ·

109 1819 225 1885 φανεῖσα
243 1815 352 1891 ἀπορία.
379 1810 442 1870 οὐδὲ
454 1816 507 1888 γάρ
520 1811 589 1870 αὔτά
603 1817 636 1870 τά
649 1819 685 1881 εἲς
696 1817 745 1883 τήν
757 1820 861 1888 ἐκκομι-

110 1898 158 1964 δήν
171 1899 220 1952 τοί
234 1898 355 1970 σώματος
378 1897 424 1953 καί
446 1901 549 1970 ταφὴν,
574 1885 609 1955 οῖν
631 1897 709 1974 άνόρῖ
734 1901 862 1974 προσήκει

110 1980 253 2055 τηλικούτῳ
267 1985 361 2052 τυχεῖν,
377 1980 511 2058 άρκσῖιντα
524 1987 552 2040 έν
564 1987 621 2048 τοῖς
635 1983 788 2057 ὑπάρχουσι
799 2005 862 2039 κατ-

109 2068 212 2122 έλιπον·
240 2061 296 2122 ἀλλ’
311 2069 454 2140 ἐμέλλησαν
467 2063 551 2123 αὐτόν
564 2067 592 2124 οῖ
605 2072 740 2143 συγγενεῖς
753 2067 861 2140 φαάλυς

108 2170 170 2215 πως,
192 2149 237 2205 καί
250 2148 283 2215 ὦς
297 2147 342 2207 ῖνα
356 2153 407 2207 τῶν
431 2153 608 2221 ἐπιτυχόντων
634 2155 821 2226 ἐκκομίσαντες
833 2144 863 2207 {i

109 2237 155 2303 τῆς
168 2237 266 2300 πόλεως
282 2236 366 2291 καίειν
378 2256 406 2290 τι
430 2236 476 2293 καί
486 2236 617 2292 θάπτειν·
642 2233 659 2307 ἦ
671 2238 764 2310 μέντοι
775 2226 862 2311 βουλίς

107 2321 240 2390 μαθοῦσα
255 2318 288 2385 οῖς
300 2313 366 2389 εἶχεν
378 2315 471 2385 αὐτοῖς
496 2321 530 2375 τά
543 2324 687 2396 πράγματα
702 2317 819 2397 άπόρως,
834 2325 864 2378 eu

108 2405 159 2456 τῶν
174 2403 306 2474 δημοσίαν
316 2405 469 2477 ἐψηφίσατο
474 2407 616 2479 χρημάτων
628 2408 865 2480 ἐπιχορηγηθῆναι

108 2489 153 2550 τάς
167 2485 202 2552 είς
211 2489 256 2556 τὴν
269 2489 357 2558 ταφὴν
365 2486 492 2557 δαπάνας,
506 2489 553 2544 καὶ
562 2490 660 2564 χωρίον
671 2488 740 2545 ἔνθα
753 2488 864 2558 έκαάθη

108 2566 153 2622 καῖ
165 2571 258 2644 ἐτάφη,
271 2573 344 2644 μόνῳ
358 2572 409 2627 τῶν
418 2572 509 2646 μέχρις
521 2575 585 2644 ἐμοῦ
597 2577 744 2648 γινομένων
762 2595 850 2648 επιῳα
