1890 2970
108 116 157 171 328
241 113 401 164 DlONYSIl
417 109 758 163 flALchRNAssssNSIS

109 220 219 292 λόμενος
232 221 345 286 ἐκεῖθεν,
361 215 409 276 οὔκ
423 218 460 276 ἔτι
474 218 509 284 είς
523 216 621 285 σίλλους
637 218 760 292 έβοίιλετο
782 210 868 274 κατό-

109 306 211 378 μεσθαι
224 306 338 376 λιμένας,
353 303 420 361 ἄλλοί
432 306 479 374 τὴν
493 301 578 374 αὐτὴν
597 301 729 379 εἶρμοίζετο
756 306 870 374 συνεχῶς

110 391 263 455 θιίλασσαν,
275 384 429 461 Ἑλληνικόν
440 410 467 444 τε
479 393 581 465 φόρτον
593 386 631 452 εἷς
648 390 804 464 Τυῤῥηνοδς
816 410 868 445 κο-

108 476 199 546 μίζων,
214 472 260 528 καί
271 478 319 531 τόν
337 475 503 548 Τυῤῥηνικδν
516 472 552 538 εἰς
564 473 614 542 τὴν
625 468 740 529 Ἐλλάδα
761 475 865 548 φέρων·

109 558 155 614 καί
167 559 268 635 γίνεται
282 561 354 615 ποίνυ
368 559 471 615 πολλῶν
481 561 624 633 χρημάτων
638 558 736 634 κόριος.
768 563 866 614 ἐπικα-

108 642 279 719 ταλαβούσης
293 643 321 698 δὲ
335 644 448 709 στοίσεως
461 646 507 714 την
522 645 672 718 Κόρινθον,
687 643 735 699 καί
747 647 794 714 τῆς
805 652 865 700 Κυ·

109 731 193 800 ψέλου
207 727 362 803 τυραννίδος
380 731 589 801 ἐπανισταμένης
608 731 663 793 τοῖς
686 729 862 798 Βακχιάδαις,

108 809 157 866 οὗκ
171 809 290 884 οίσφαλίς
303 807 370 868 εἶναι
385 813 469 868 δοκῶν
495 816 522 868 έν
544 813 684 888 τυραννίδι
708 813 752 887 ζῇν
776 818 863 870 πολλοὶ

107 898 268 968 κεκτημένος,
298 892 380 962 αλλως
406 917 432 952 τε
459 898 504 953 καί
531 901 575 967 τῆς
594 894 865 971 ὄλιγαρχικῆςοίκίας

108 980 240 1081 ὕπαρχον,
256 984 495 1052 συνεσκευασμένος
515 985 564 1051 την
590 978 687 1038 οὐσίαν
714 978 782 1053 ὅσην
807 977 863 1049 οἷός

106 1059 126 1118 τ’
141 1085 182 1133 ην,
194 1086 274 1137 ωχετο
287 1067 396 1123 πλεων
384 1088 412 1122 εκ
425 1088 470 1138 της
482 1069 636 1142 Κορινθου
671 1065 734 1135 ε’χων
761 1066 790 1123 δὲ
815 1070 862 1140 φί-

105 1152 168 1215 λους
181 1151 293 1216 πολλοὺς
307 1173 352 1206 και
342 1149 491 1225 αμαθοδς
508 1153 659 1227 Τυρρηνῶν,
675 1151 765 1208 M·
734 1173 780 1215 τας
794 1174 862 1208 συν-

106 1237 169 1304 εχεῖς
188 1237 326 1306 ἐπιμιξίας,
351 1232 509 1308 μάλισταδ
536 1241 563 1292 ἐν
592 1237 759 1310 Ταρκυνίοις,
787 1240 864 1293 πόλει

105 1318 204 1394 αεμιίλῃ
217 1319 264 1376 καί
276 1315 415 1394 εὐδαίμονι
429 1323 487 1376 τότε
506 1317 584 1394 οίίοῃ,
606 1317 680 1377 οἶκόν
706 1343 734 1376 τε
760 1317 862 1378 αὖτόθι

106 1405 336 1472 κατασκευάζεται,
353 1405 399 1460 καί
411 1409 531 1479 γυναῖκα
544 1409 663 1478 ἐπιφανῆ
690 1407 759 1461 κατιί
783 1408 861 1479 μίνος

104 1484 205 1564 ἄμεναι.
229 1491 374 1565 γενομένων
389 1485 412 1545 δ’
426 1487 499 1562 αὐτῷ
513 1490 589 1546 δυοῖν
603 1491 719 1557 παίδων,
750 1493 860 1565 Τυῤῥη-

105 1575 165 1629 νιιιιί
178 1576 292 1647 θέμενος
305 1571 394 1639 αὗτοῖς
410 1571 536 1645 ὀνόματα,
546 1576 582 1648 τῷ
595 1571 774 1650 μέν’ἷιλροντα·
789 1579 824 1649 τῷ
832 1577 860 1632 δὲ

106 1661 271 1730 Λοκόμωνα·
300 1661 346 1717 καί
368 1659 516 1724 παιδεύσας
528 1658 697 1735 ἀμφοτέρους
705 1656 860 1730 Ἐλληνικην

105 1765 130 1797 τε
143 1743 189 1799 καί
206 1738 373 1819 Τυῤῥηνικην
386 1744 519 1810 παιδείαν,
527 1742 563 1809 είς
571 1738 671 1819 ἄνδρας
677 1741 859 1803 έλθοῦοιναιί-

103 1831 158 1890 τοῖς
163 1833 294 1899 γυναῖκας
307 1833 335 1884 ἐκ
349 1829 400 1884 τῶν
410 1829 627 1899 ἐπιφανεστάτων
635 1832 713 1885 οἴκων
720 1832 858 1904 λαμβάνει.

164 1910 282 1968 XLVII.
301 1912 358 1969 Καί
370 1909 424 1985 μετ’
439 1909 472 1968 οδ
485 1915 570 1970 πολύν
573 1916 671 1988 χρόνον
685 1915 701 1970 ό
714 1917 761 1986 μὲν
774 1937 858 1990 πρεσ-

101 1996 210 2070 βύτερος
233 1992 319 2053 αὐτοῦ
344 1999 395 2053 τῶν
420 1999 541 2066 παίδων,
567 2001 644 2072 μένος
657 1995 736 2054 οὐδὲν
750 2002 857 2055 καταλι-

101 2081 158 2137 πὼν
176 2081 297 2154 ἐμφανὲς
309 2079 485 2152 οίποθνησκει.
524 2082 570 2139 καί
587 2080 640 2153 μετ’
658 2081 747 2156 ὀλίγας
760 2080 858 2159 ἡμέρας

101 2162 184 2231 αὗτδς
196 2166 212 2222 δ
224 2168 386 2240 Δημάρατος
400 2167 452 2222 ὑπό
465 2166 551 2237 λύπης
563 2169 680 2241 τελευτᾷ,
690 2171 855 2242 κληρονόμοι

102 2249 207 2320 ιλπιίσης
225 2255 269 2320 τῆς
289 2248 384 2315 οὐσίας
401 2255 448 2307 τὸν
460 2254 676 2325 περιλειπόμενον
688 2254 740 2306 τῶν
753 2250 850 2306 παίδων

101 2337 254 2409 Λοκόμωνα
275 2334 443 2391 καταλιπών·
470 2329 499 2398 δς
512 2336 674 2408 παραλαβὼν
688 2337 734 2390 τόν
753 2355 852 2409 πατρι-

101 2421 149 2474 κόν
163 2421 280 2476 πλοῦτον
297 2422 381 2494 μέμαν
405 2417 481 2485 όντα,
509 2419 704 2476 πολιτεύεσθαί
717 2418 804 2475 τεκαὶ
817 2419 851 2474 τὰ

100 2508 177 2559 κοινοὶ
189 2507 323 2580 πράττειν,
351 2501 396 2560 καί
414 2508 442 2560 ἐν
468 2506 523 2569 τοῖς
548 2504 659 2578 πρώτοις
685 2506 735 2559 τῶν
762 2500 851 2560 οίσεῶν

81 2580 155 2642 εἶναι
185 2588 338 2672 πρηῆρητο.
381 2588 597 2664 οίπελαυνόμενος
623 2587 652 2648 δέ
676 2592 847 2660 πανταχόθεν
