1890 2970
144 113 180 171 78
265 106 425 159 DIONYSII
441 104 784 157 HALICARNASSENSIS

146 213 256 291 ήμέραν,
268 212 421 278 πεισθέντες
440 211 467 270 οῖ
486 209 615 287 πρόεδροι
633 213 683 268 τῶν
706 213 831 269 Λατίνων
844 209 904 268 όνε-

145 301 263 374 ponam
275 298 325 367 τήν
336 297 447 372 βουλήν.

210 378 316 441 XLVI.
346 381 388 456 Τῇ
401 376 430 437 δ’
447 383 502 452 ἑξής
513 375 599 455 ήμέρηι
610 379 729 455 παρήνό
745 378 902 454 Ἰαρκόνιος,

146 468 192 524 καῖ
206 467 386 534 συναχθέντος
398 466 446 520 τοῖν
460 467 610 538 συλλόγου,
635 465 719 540 μικρά
732 485 758 518 τε
773 463 838 540 ὑπὲρ
852 468 903 520 τοῦ

143 552 291 628 χρονισμοῦ
317 549 465 624 προειπὼν,
489 548 555 624 ὑπὲρ
581 551 628 617 τής
651 543 794 622 ἡγεμονίας
818 545 905 613 εὐθὺς

145 638 262 693 ἐποιεῖτο
275 634 339 700 τοὺς
350 635 455 710 λόγους,
463 631 571 698 ὧςκατσῖ
579 635 608 688 τό
623 631 728 688 δίκαιον
738 631 812 704 αὖτηῖ
819 653 903 706 προσ·

145 719 268 790 ηκοέσης,
283 717 373 786 έπειδή
390 717 538 793 Ταρκύνιος
551 711 635 788 αότήν
648 718 772 787 κατέσχεν
792 716 809 772 ό
828 718 903 773 πόπ·

145 824 196 868 πος
210 799 303 869 αότοῖε,
317 805 421 878 πολέμῳ
435 804 608 873 κτησόμενος,
635 800 742 865 καὶτοῖς
762 801 904 871 συνθήκας

148 888 287 961 παρεήχετο
312 887 359 951 τός
370 887 512 961 γενομένας
524 889 582 950 ταῖς
607 887 700 942 πόλεσι
712 886 780 958 πρός
791 888 903 943 ἐκεῖνον.

147 971 234 1027 πολὺν
249 970 276 1025 δέ
290 972 369 1044 λόγον
381 970 446 1046 ὑπὲρ
458 971 507 1026 τοῦ
524 969 630 1026 δικαίου
649 969 694 1026 καὶ
706 972 759 1025 τῶν
771 969 905 1045 όμσλσγι-

148 1057 184 1110 ῶν
199 1053 347 1121 διεξελθών,
366 1055 412 1111 καὶ
424 1056 526 1128 μεγέλα
551 1056 598 1118 ταῖς
610 1056 698 1120 πόλεις
723 1050 905 1130 εὐεργετήσειν

147 1137 338 1212 ὕποσχόμενος,
351 1141 397 1194 έέν
410 1143 438 1196 ἐν
451 1139 485 1213 τῇ
497 1139 576 1212 φιλίην
591 1138 756 1211 διαμείνωσι,
778 1140 906 1195 τελευτῶν

149 1222 256 1279 ἔπειθεν
269 1218 367 1288 αὗτσδς
378 1222 459 1280 έπὶτό
474 1223 599 1294 Σαβῖνον
611 1221 693 1288 ἔθνος
705 1222 905 1298 συστροτεδειν.

147 1307 181 1372 ὥς
194 1303 223 1362 δ’
237 1307 372 1364 έπαόσατσ
386 1309 476 1381 λέγων,
489 1306 632 1381 παρελθὼν
651 1307 667 1363 ό
684 1306 782 1375 Τύρνος
797 1306 843 1362 καὶ
854 1309 907 1363 τόν

148 1389 269 1466 όψισμόν
287 1388 373 1449 αὐτοῦ
394 1390 535 1464 διαβαλῶν,
549 1387 598 1445 οὔκ
623 1392 664 1447 εῖα
677 1394 738 1454 τοὺς
758 1389 907 1462 συνέδρους

147 1481 313 1551 παραχωρεῖν
340 1475 376 1550 τῷ
389 1472 526 1550 ἆνδρῖτής
547 1472 635 1550 υῖρχής,
662 1473 694 1538 ῶς
708 1470 851 1530 οότεκατσλ
872 1478 906 1530 τό

148 1561 253 1618 δίκαιον
266 1557 337 1634 αὐτῷ
350 1559 542 1634 προσηκούσης,
571 1553 626 1615 οὔτ’
641 1558 685 1614 ἐπὶ
697 1557 733 1634 τῷ
752 1562 902 1633 συμφέρον·

146 1667 173 1700 τι
187 1647 238 1701 τῶν
251 1645 377 1702 Λατίνων
402 1642 600 1716 δοθησομένης·
626 1642 671 1699 καὶ
696 1643 810 1708 πολλοῦς
837 1642 906 1719 ὑπὲρ

148 1726 306 1803 ιίμφοτέρυν
332 1727 452 1796 διεξῆλθε
478 1729 659 1801 λόγουςήτός
683 1727 733 1800 μέν
753 1727 904 1796 συνθήκας,

147 1808 179 1877 ῶς
192 1815 354 1880 ἐποιήσαντο
367 1813 433 1886 πρός
445 1814 491 1868 τόν
504 1812 615 1867 πάππον
629 1807 723 1879 αῧτσῖι,
737 1809 906 1887 παραδιδόν-

148 1917 189 1959 τες
200 1897 248 1965 τήν
258 1891 409 1970 ήγεμονίαν,
424 1898 554 1952 λελῖισθαι
572 1896 653 1971 λέγων
664 1898 731 1970 μετό
744 1900 792 1953 τόν
801 1895 908 1953 ἐκείνου

148 1981 282 2046 θάνατον,
297 1979 341 2036 διό
356 1982 385 2036 τό
398 1982 435 2050 μή
454 1982 685 2056 προσγεγράφθαι
704 1984 762 2045 ταῖς
775 1979 908 2053 ὁμολογέ-

149 2084 199 2130 αις,
215 2064 264 2132 τήν
284 2059 367 2132 αὐτήν
382 2059 449 2120 εἶναι
476 2064 575 2140 δωρεόν
600 2063 647 2122 καὶ
672 2067 729 2129 τοῖς
751 2065 910 2138 Ταρκυνίου

146 2148 282 2222 ἐγγόνοις·
307 2149 354 2203 τόν
367 2147 395 2203 δέ
408 2146 534 2213 σῖξισῖιντα
548 2149 599 2204 τῶν
611 2150 659 2205 τοῖν
672 2151 787 2205 ποῖππυυ
801 2148 910 2222 δωρεῶν

147 2235 329 2309 κληρονομεῖν,
350 2229 477 2288 ἀπόντων
496 2229 648 2307 ἀνθρώπων
673 2233 909 2308 παρανομώτατον

147 2314 307 2388 σῖπσηεαίνων
319 2315 366 2372 καὶ
377 2317 577 2390 πονηρότατον·
605 2317 651 2375 καῖ
671 2319 836 2393 τοῖςπρόξεις
849 2315 907 2374 αὖ·
944 2331 945 2340 ’

144 2400 194 2456 τοῦ
209 2400 315 2466 διεξιὼν,
331 2394 362 2465 οῖς
374 2400 419 2456 ἐπὶ
429 2400 464 2473 τῷ
482 2405 622 2471 κατασχεῖν
643 2402 690 2471 τήν
701 2397 838 2475 Ῥωμαίων
852 2401 905 2478 ἆρ-

142 2489 193 2552 χήν
207 2480 389 2541 οῖπετελέσατσ.
417 2482 601 2548 διεξελθόνδέ
620 2487 719 2550 πολλός
745 2485 790 2542 καῖ
815 2485 906 2553 δεινός
937 2516 944 2525 ¹

138 2561 232 2625 αιῖτσῖν
243 2568 414 2650 κατηγορίας,
434 2571 559 2627 τελευτῶν
577 2568 716 2629 ἐδίδασκεν
729 2568 763 2636 ῶς
778 2566 841 2628 σῦόὲ
856 2574 903 2642 τήν
925 2536 943 2635 ή,

923 2672 927 2699 Ι

47 2714 99 2802 Ι
