<?xml version="1.0" encoding="UTF-8"?>
<!DOCTYPE html PUBLIC "-//W3C//DTD XHTML 1.0 Transitional//EN"
    "http://www.w3.org/TR/xhtml1/DTD/xhtml1-transitional.dtd">
<html xmlns="http://www.w3.org/1999/xhtml" xml:lang="en" lang="en">
 <head>
  <title>
</title>
<meta http-equiv="Content-Type" content="text/html;charset=utf-8" />
  <meta name='ocr-system' content='tesseract 3.04.00' />
  <meta name='ocr-capabilities' content='ocr_page ocr_carea ocr_par ocr_line ocrx_word'/>
</head>
<body>
  <div class='ocr_page' id='page_1' title='image "./operaomnia00diongoog_0455.png"; bbox 0 0 1890 2970; ppageno 0'>
   <div class='ocr_carea' id='block_1_1' title="bbox 182 95 834 164">
    <p class='ocr_par' dir='ltr' id='par_1_1' title="bbox 182 95 834 164">
     <span class='ocr_line' id='line_1_1' title="bbox 182 95 834 164; baseline 0.006 -17"><span class='ocrx_word' id='word_1_1' title='bbox 182 96 458 164; x_wconf 78' lang='lat' dir='ltr'><strong>ANTIQVITATVM</strong></span> <span class='ocrx_word' id='word_1_2' title='bbox 473 95 607 148; x_wconf 81' lang='lat' dir='ltr'>ROMAN.</span> <span class='ocrx_word' id='word_1_3' title='bbox 626 99 690 150; x_wconf 87' lang='lat' dir='ltr'><strong>LIB.</strong></span> <span class='ocrx_word' id='word_1_4' title='bbox 706 102 751 151; x_wconf 81' lang='lat' dir='ltr'><strong><em>IV.</em></strong></span> <span class='ocrx_word' id='word_1_5' title='bbox 804 104 834 159; x_wconf 88' lang='lat'><strong><em>17</em></strong></span> 
     </span>
    </p>
   </div>
   <div class='ocr_carea' id='block_1_2' title="bbox 79 196 838 614">
    <p class='ocr_par' dir='ltr' id='par_1_2' title="bbox 79 196 838 614">
     <span class='ocr_line' id='line_1_2' title="bbox 80 196 833 273; baseline -0.005 -10"><span class='ocrx_word' id='word_1_6' title='bbox 80 204 170 263; x_wconf 64' lang='grc' dir='ltr'><strong><em>τελῶν.</em></strong></span> <span class='ocrx_word' id='word_1_7' title='bbox 195 196 245 259; x_wconf 79' lang='grc' dir='ltr'><strong><em>οὔκ</em></strong></span> <span class='ocrx_word' id='word_1_8' title='bbox 271 202 322 272; x_wconf 68' lang='grc' dir='ltr'><strong><em>ἔχει</em></strong></span> <span class='ocrx_word' id='word_1_9' title='bbox 347 199 375 256; x_wconf 86' lang='grc' dir='ltr'><strong><em>δί</em></strong></span> <span class='ocrx_word' id='word_1_10' title='bbox 387 201 468 273; x_wconf 86' lang='grc' dir='ltr'><strong><em>λόγον</em></strong></span> <span class='ocrx_word' id='word_1_11' title='bbox 486 204 514 255; x_wconf 85' lang='grc' dir='ltr'><strong><em>ἐν</em></strong></span> <span class='ocrx_word' id='word_1_12' title='bbox 532 203 656 271; x_wconf 81' lang='grc' dir='ltr'><strong><em>πολέμοις</em></strong></span> <span class='ocrx_word' id='word_1_13' title='bbox 668 206 833 271; x_wconf 77' lang='grc' dir='ltr'><strong><em>ίξετοίζεσθα.</em></strong></span> 
     </span>
     <span class='ocr_line' id='line_1_3' title="bbox 80 282 836 361; baseline 0.001 -18"><span class='ocrx_word' id='word_1_14' title='bbox 80 291 158 360; x_wconf 68' lang='grc' dir='ltr'><strong><em>κῶμα</em></strong></span> <span class='ocrx_word' id='word_1_15' title='bbox 185 283 282 361; x_wconf 77' lang='grc' dir='ltr'><strong><em>οἷνδρδς</em></strong></span> <span class='ocrx_word' id='word_1_16' title='bbox 301 283 327 348; x_wconf 78' lang='grc' dir='ltr'><strong><em>ἓξ</em></strong></span> <span class='ocrx_word' id='word_1_17' title='bbox 343 282 389 340; x_wconf 82' lang='grc' dir='ltr'><strong><em>καί</em></strong></span> <span class='ocrx_word' id='word_1_18' title='bbox 413 283 584 353; x_wconf 73' lang='grc' dir='ltr'><strong><em>ἐννενήκοντα</em></strong></span> <span class='ocrx_word' id='word_1_19' title='bbox 605 287 765 355; x_wconf 75' lang='grc' dir='ltr'><strong><em>βεβιωκότος</em></strong></span> <span class='ocrx_word' id='word_1_20' title='bbox 784 287 836 356; x_wconf 82' lang='grc' dir='ltr'><strong><em>ἔτη.</em></strong></span> 
     </span>
     <span class='ocr_line' id='line_1_4' title="bbox 80 365 837 445; baseline -0.004 -16"><span class='ocrx_word' id='word_1_21' title='bbox 80 370 198 429; x_wconf 75' lang='grc' dir='ltr'><strong><em>ίαπεσόιν</em></strong></span> <span class='ocrx_word' id='word_1_22' title='bbox 211 391 239 426; x_wconf 87' lang='grc' dir='ltr'><strong><em>τε</em></strong></span> <span class='ocrx_word' id='word_1_23' title='bbox 264 373 310 440; x_wconf 74' lang='grc' dir='ltr'><strong><em>τῆς</em></strong></span> <span class='ocrx_word' id='word_1_24' title='bbox 335 365 416 445; x_wconf 78' lang='grc' dir='ltr'><strong><em>ἄργῆς</em></strong></span> <span class='ocrx_word' id='word_1_25' title='bbox 427 367 466 425; x_wconf 80' lang='grc' dir='ltr'><strong><em>ἔτι</em></strong></span> <span class='ocrx_word' id='word_1_26' title='bbox 489 370 598 440; x_wconf 81' lang='grc' dir='ltr'><strong><em>πολεμελ</em></strong></span> <span class='ocrx_word' id='word_1_27' title='bbox 611 366 763 440; x_wconf 87' lang='grc' dir='ltr'><strong><em>Ῥωμαίοις,</em></strong></span> <span class='ocrx_word' id='word_1_28' title='bbox 788 367 837 426; x_wconf 82' lang='grc' dir='ltr'><strong><em>υόκ</em></strong></span> 
     </span>
     <span class='ocr_line' id='line_1_5' title="bbox 79 447 837 529; baseline -0.004 -16"><span class='ocrx_word' id='word_1_29' title='bbox 79 452 192 513; x_wconf 67' lang='grc' dir='ltr'><strong><em>ἔλαττον</em></strong></span> <span class='ocrx_word' id='word_1_30' title='bbox 205 455 335 529; x_wconf 81' lang='grc' dir='ltr'><strong><em>τεττάρων</em></strong></span> <span class='ocrx_word' id='word_1_31' title='bbox 347 452 393 508; x_wconf 87' lang='grc' dir='ltr'><strong><em>καί</em></strong></span> <span class='ocrx_word' id='word_1_32' title='bbox 406 452 469 510; x_wconf 81' lang='grc' dir='ltr'><strong><em>δέκα</em></strong></span> <span class='ocrx_word' id='word_1_33' title='bbox 482 454 554 529; x_wconf 74' lang='grc' dir='ltr'><strong><em>ἐτῶν,</em></strong></span> <span class='ocrx_word' id='word_1_34' title='bbox 568 447 648 517; x_wconf 82' lang='grc' dir='ltr'><strong><em>αδτός</em></strong></span> <span class='ocrx_word' id='word_1_35' title='bbox 660 451 688 508; x_wconf 74' lang='grc' dir='ltr'><strong><em>ἓν</em></strong></span> <span class='ocrx_word' id='word_1_36' title='bbox 699 455 756 517; x_wconf 83' lang='grc' dir='ltr'><strong><em>τοὶς</em></strong></span> <span class='ocrx_word' id='word_1_37' title='bbox 768 457 837 527; x_wconf 81' lang='grc' dir='ltr'><strong><em>πρό·</em></strong></span> 
     </span>
     <span class='ocr_line' id='line_1_6' title="bbox 80 531 838 614; baseline -0.003 -20"><span class='ocrx_word' id='word_1_38' title='bbox 80 559 184 614; x_wconf 85' lang='grc' dir='ltr'><strong><em>γμασιν</em></strong></span> <span class='ocrx_word' id='word_1_39' title='bbox 197 540 385 609; x_wconf 78' lang='grc' dir='ltr'><strong><em>ἐξεταζόμενος,</em></strong></span> <span class='ocrx_word' id='word_1_40' title='bbox 398 533 431 602; x_wconf 78' lang='grc' dir='ltr'><strong><em>ὥς</em></strong></span> <span class='ocrx_word' id='word_1_41' title='bbox 444 555 543 609; x_wconf 88' lang='grc' dir='ltr'><strong><em>φασιν·</em></strong></span> <span class='ocrx_word' id='word_1_42' title='bbox 569 531 585 592; x_wconf 78' lang='grc' dir='ltr'><strong>ὅ</strong></span> <span class='ocrx_word' id='word_1_43' title='bbox 598 538 673 610; x_wconf 85' lang='grc' dir='ltr'><strong><em>παροὶ</em></strong></span> <span class='ocrx_word' id='word_1_44' title='bbox 687 537 734 602; x_wconf 82' lang='grc' dir='ltr'><strong><em>τιίς</em></strong></span> <span class='ocrx_word' id='word_1_45' title='bbox 747 540 838 600; x_wconf 79' lang='grc' dir='ltr'><strong><em>κοινός</em></strong></span> 
     </span>
    </p>
   </div>
   <div class='ocr_carea' id='block_1_3' title="bbox 78 617 839 2693">
    <p class='ocr_par' dir='ltr' id='par_1_3' title="bbox 78 617 839 1116">
     <span class='ocr_line' id='line_1_7' title="bbox 80 617 839 695; baseline -0.004 -15"><span class='ocrx_word' id='word_1_46' title='bbox 80 626 135 680; x_wconf 80' lang='grc' dir='ltr'><strong><em>τῶν</em></strong></span> <span class='ocrx_word' id='word_1_47' title='bbox 148 621 272 678; x_wconf 79' lang='grc' dir='ltr'><strong><em>ἁπάντων</em></strong></span> <span class='ocrx_word' id='word_1_48' title='bbox 285 620 341 679; x_wconf 82' lang='grc' dir='ltr'><strong><em>ίστὶ</em></strong></span> <span class='ocrx_word' id='word_1_49' title='bbox 355 621 438 690; x_wconf 80' lang='grc' dir='ltr'><strong><em>δόξας,</em></strong></span> <span class='ocrx_word' id='word_1_50' title='bbox 451 621 497 678; x_wconf 85' lang='grc' dir='ltr'><strong><em>καί</em></strong></span> <span class='ocrx_word' id='word_1_51' title='bbox 510 621 526 677; x_wconf 87' lang='grc' dir='ltr'><strong><em>δ</em></strong></span> <span class='ocrx_word' id='word_1_52' title='bbox 539 623 586 677; x_wconf 77' lang='grc' dir='ltr'><strong><em>τοῦ</em></strong></span> <span class='ocrx_word' id='word_1_53' title='bbox 605 621 671 695; x_wconf 88' lang='grc' dir='ltr'><strong><em>βίου</em></strong></span> <span class='ocrx_word' id='word_1_54' title='bbox 682 622 777 694; x_wconf 73' lang='grc' dir='ltr'><strong><em>χρόνος</em></strong></span> <span class='ocrx_word' id='word_1_55' title='bbox 791 617 839 677; x_wconf 79' lang='grc' dir='ltr'><strong><em>αὖ·</em></strong></span> 
     </span>
     <span class='ocr_line' id='line_1_8' title="bbox 80 703 838 782; baseline -0.004 -18"><span class='ocrx_word' id='word_1_56' title='bbox 80 708 118 782; x_wconf 72' lang='grc' dir='ltr'><strong><em>τῷ</em></strong></span> <span class='ocrx_word' id='word_1_57' title='bbox 131 709 227 762; x_wconf 83' lang='grc' dir='ltr'><strong><em>πλείων</em></strong></span> <span class='ocrx_word' id='word_1_58' title='bbox 241 703 418 778; x_wconf 83' lang='grc' dir='ltr'><strong><em>ιίναφαίνιται</em></strong></span> <span class='ocrx_word' id='word_1_59' title='bbox 432 707 484 762; x_wconf 78' lang='grc' dir='ltr'><strong><em>τῶν</em></strong></span> <span class='ocrx_word' id='word_1_60' title='bbox 497 707 592 762; x_wconf 84' lang='grc' dir='ltr'><strong><em>ἱκατδν</em></strong></span> <span class='ocrx_word' id='word_1_61' title='bbox 610 704 655 762; x_wconf 87' lang='grc' dir='ltr'><strong><em>καὶ</em></strong></span> <span class='ocrx_word' id='word_1_62' title='bbox 675 704 739 761; x_wconf 84' lang='grc' dir='ltr'><strong><em>δίκα</em></strong></span> <span class='ocrx_word' id='word_1_63' title='bbox 756 726 838 781; x_wconf 77' lang='grc' dir='ltr'><strong><em>γεγο·</em></strong></span> 
     </span>
     <span class='ocr_line' id='line_1_9' title="bbox 79 785 839 865; baseline -0.007 -17"><span class='ocrx_word' id='word_1_64' title='bbox 79 793 131 854; x_wconf 82' lang='grc' dir='ltr'><strong><em>νίις</em></strong></span> <span class='ocrx_word' id='word_1_65' title='bbox 146 792 224 846; x_wconf 76' lang='grc' dir='ltr'><strong><em>ε’τῶν·</em></strong></span> <span class='ocrx_word' id='word_1_66' title='bbox 237 792 319 846; x_wconf 73' lang='grc' dir='ltr'><strong><em>τοῦτο</em></strong></span> <span class='ocrx_word' id='word_1_67' title='bbox 333 789 362 845; x_wconf 72' lang='grc' dir='ltr'><strong><em>δι’</em></strong></span> <span class='ocrx_word' id='word_1_68' title='bbox 375 790 405 846; x_wconf 87' lang='grc' dir='ltr'><strong><em>τό</em></strong></span> <span class='ocrx_word' id='word_1_69' title='bbox 416 792 501 863; x_wconf 74' lang='grc' dir='ltr'><strong><em>μῆκος</em></strong></span> <span class='ocrx_word' id='word_1_70' title='bbox 513 791 566 846; x_wconf 80' lang='grc' dir='ltr'><strong><em>τῶν</em></strong></span> <span class='ocrx_word' id='word_1_71' title='bbox 576 791 643 862; x_wconf 89' lang='grc' dir='ltr'><strong><em>βίων</em></strong></span> <span class='ocrx_word' id='word_1_72' title='bbox 657 785 691 846; x_wconf 81' lang='grc' dir='ltr'><strong><em>οδ</em></strong></span> <span class='ocrx_word' id='word_1_73' title='bbox 710 791 839 865; x_wconf 83' lang='grc' dir='ltr'><strong><em>φίρουσιν</em></strong></span> 
     </span>
     <span class='ocr_line' id='line_1_10' title="bbox 78 869 838 946; baseline 0.001 -16"><span class='ocrx_word' id='word_1_74' title='bbox 78 869 194 934; x_wconf 76' lang='grc' dir='ltr'><strong><em>σὶκσθ’</em></strong></span> <span class='ocrx_word' id='word_1_75' title='bbox 207 869 277 946; x_wconf 75' lang='grc' dir='ltr'><strong><em>ἡμᾶς</em></strong></span> <span class='ocrx_word' id='word_1_76' title='bbox 288 875 375 931; x_wconf 86' lang='grc' dir='ltr'><strong><em>τόποι.</em></strong></span> <span class='ocrx_word' id='word_1_77' title='bbox 397 875 483 932; x_wconf 75' lang='grc' dir='ltr'><strong><em>ταῦτα</em></strong></span> <span class='ocrx_word' id='word_1_78' title='bbox 497 873 529 945; x_wconf 79' lang='grc' dir='ltr'><strong><em>δὴ</em></strong></span> <span class='ocrx_word' id='word_1_79' title='bbox 549 877 583 930; x_wconf 87' lang='grc' dir='ltr'><strong><em>τοί</em></strong></span> <span class='ocrx_word' id='word_1_80' title='bbox 601 869 691 930; x_wconf 74' lang='grc' dir='ltr'><strong><em>ἄτοπα</em></strong></span> <span class='ocrx_word' id='word_1_81' title='bbox 709 874 838 932; x_wconf 82' lang='grc' dir='ltr'><strong><em>συνιδόν-</em></strong></span> 
     </span>
     <span class='ocr_line' id='line_1_11' title="bbox 79 955 838 1034; baseline -0.004 -18"><span class='ocrx_word' id='word_1_82' title='bbox 79 980 121 1024; x_wconf 77' lang='grc' dir='ltr'><strong><em>τες</em></strong></span> <span class='ocrx_word' id='word_1_83' title='bbox 137 961 187 1014; x_wconf 84' lang='grc' dir='ltr'><strong><em>τῶν</em></strong></span> <span class='ocrx_word' id='word_1_84' title='bbox 196 955 351 1031; x_wconf 78' lang='grc' dir='ltr'><strong><em>Ῥωμαϊκῶν</em></strong></span> <span class='ocrx_word' id='word_1_85' title='bbox 362 960 540 1034; x_wconf 71' lang='grc' dir='ltr'><strong><em>συγγραφέων</em></strong></span> <span class='ocrx_word' id='word_1_86' title='bbox 551 959 631 1027; x_wconf 83' lang='grc' dir='ltr'><strong><em>τινίς,</em></strong></span> <span class='ocrx_word' id='word_1_87' title='bbox 651 961 750 1033; x_wconf 75' lang='grc' dir='ltr'><strong><em>ἑτέραις</em></strong></span> <span class='ocrx_word' id='word_1_88' title='bbox 768 955 838 1014; x_wconf 76' lang='grc' dir='ltr'><strong><em>αὐτοὶ</em></strong></span> 
     </span>
     <span class='ocr_line' id='line_1_12' title="bbox 79 1039 837 1116; baseline 0 -17"><span class='ocrx_word' id='word_1_89' title='bbox 79 1042 154 1099; x_wconf 83' lang='grc' dir='ltr'><strong><em>λίιειν</em></strong></span> <span class='ocrx_word' id='word_1_90' title='bbox 167 1041 387 1116; x_wconf 78' lang='grc' dir='ltr'><strong><em>ίπειριίθησαν’</em></strong></span> <span class='ocrx_word' id='word_1_91' title='bbox 370 1045 510 1112; x_wconf 87' lang='grc' dir='ltr'><strong><em>ατοπίαις,</em></strong></span> <span class='ocrx_word' id='word_1_92' title='bbox 533 1039 566 1099; x_wconf 83' lang='grc' dir='ltr'><strong><em>οὗ</em></strong></span> <span class='ocrx_word' id='word_1_93' title='bbox 587 1044 758 1099; x_wconf 74' lang='grc' dir='ltr'><strong><em>Τανακυλίδα</em></strong></span> <span class='ocrx_word' id='word_1_94' title='bbox 778 1064 837 1099; x_wconf 82' lang='grc' dir='ltr'><strong><em>ποι·</em></strong></span> 
     </span>
    </p>

    <p class='ocr_par' dir='ltr' id='par_1_4' title="bbox 80 1125 837 1539">
     <span class='ocr_line' id='line_1_13' title="bbox 82 1125 836 1228; baseline -0.004 -44"><span class='ocrx_word' id='word_1_95' title='bbox 82 1130 174 1190; x_wconf 77' lang='grc' dir='ltr'><strong><em>οῦντες</em></strong></span> <span class='ocrx_word' id='word_1_96' title='bbox 172 1127 289 1228; x_wconf 87' lang='grc' dir='ltr'><strong><em>μητίρα</em></strong></span> <span class='ocrx_word' id='word_1_97' title='bbox 308 1129 360 1183; x_wconf 82' lang='grc' dir='ltr'><strong><em>τῶν</em></strong></span> <span class='ocrx_word' id='word_1_98' title='bbox 378 1127 508 1196; x_wconf 87' lang='grc' dir='ltr'><strong><em>παιδίων,</em></strong></span> <span class='ocrx_word' id='word_1_99' title='bbox 526 1125 595 1183; x_wconf 86' lang='grc' dir='ltr'><strong><em>αλλοὶ</em></strong></span> <span class='ocrx_word' id='word_1_100' title='bbox 613 1126 748 1202; x_wconf 73' lang='grc' dir='ltr'><strong><em>Γεγανίαν</em></strong></span> <span class='ocrx_word' id='word_1_101' title='bbox 766 1133 836 1196; x_wconf 74' lang='grc' dir='ltr'><strong><em>τινα,</em></strong></span> 
     </span>
     <span class='ocr_line' id='line_1_14' title="bbox 83 1206 837 1288; baseline -0.003 -20"><span class='ocrx_word' id='word_1_102' title='bbox 83 1210 144 1288; x_wconf 79' lang='grc' dir='ltr'><strong><em>ντερὶ</em></strong></span> <span class='ocrx_word' id='word_1_103' title='bbox 169 1233 199 1279; x_wconf 89' lang='grc' dir='ltr'><strong><em>ης</em></strong></span> <span class='ocrx_word' id='word_1_104' title='bbox 212 1206 340 1285; x_wconf 79' lang='grc' dir='ltr'><strong><em>οὐδεμίαν</em></strong></span> <span class='ocrx_word' id='word_1_105' title='bbox 362 1213 562 1286; x_wconf 76' lang='grc' dir='ltr'><strong><em>παρειλήφαμεν</em></strong></span> <span class='ocrx_word' id='word_1_106' title='bbox 589 1208 723 1285; x_wconf 83' lang='grc' dir='ltr'><strong><em>ἱστορίαν·</em></strong></span> <span class='ocrx_word' id='word_1_107' title='bbox 750 1206 837 1286; x_wconf 85' lang='grc' dir='ltr'><strong><em>σ’ίωρος</em></strong></span> 
     </span>
     <span class='ocr_line' id='line_1_15' title="bbox 83 1295 835 1370; baseline -0.001 -19"><span class='ocrx_word' id='word_1_108' title='bbox 83 1296 115 1364; x_wconf 77' lang='grc' dir='ltr'><strong><em>δη</em></strong></span> <span class='ocrx_word' id='word_1_109' title='bbox 140 1295 243 1370; x_wconf 89' lang='grc' dir='ltr'><strong><em>γίνεται</em></strong></span> <span class='ocrx_word' id='word_1_110' title='bbox 268 1296 377 1351; x_wconf 82' lang='grc' dir='ltr'><strong><em>πόλιν</em></strong></span> <span class='ocrx_word' id='word_1_111' title='bbox 362 1317 376 1352; x_wconf 93' lang='grc' dir='ltr'><strong><em>ο</em></strong></span> <span class='ocrx_word' id='word_1_112' title='bbox 391 1297 478 1369; x_wconf 87' lang='grc' dir='ltr'><strong><em>γιίμος</em></strong></span> <span class='ocrx_word' id='word_1_113' title='bbox 491 1297 539 1350; x_wconf 73' lang='grc' dir='ltr'><strong><em>τοῦ</em></strong></span> <span class='ocrx_word' id='word_1_114' title='bbox 562 1296 715 1369; x_wconf 84' lang='grc' dir='ltr'><strong><em>Ταρκυνίου</em></strong></span> <span class='ocrx_word' id='word_1_115' title='bbox 738 1298 835 1370; x_wconf 85' lang='grc' dir='ltr'><strong><em>μικρὸν</em></strong></span> 
     </span>
     <span class='ocr_line' id='line_1_16' title="bbox 82 1376 836 1453; baseline -0.001 -16"><span class='ocrx_word' id='word_1_116' title='bbox 82 1377 275 1445; x_wconf 83' lang='grc' dir='ltr'><strong><em>ιὶπσλείποντσς</em></strong></span> <span class='ocrx_word' id='word_1_117' title='bbox 297 1383 363 1435; x_wconf 80' lang='grc' dir='ltr'><strong><em>όταν</em></strong></span> <span class='ocrx_word' id='word_1_118' title='bbox 377 1376 556 1453; x_wconf 81' lang='grc' dir='ltr'><strong><em>ογδοήκοντα·</em></strong></span> <span class='ocrx_word' id='word_1_119' title='bbox 581 1400 626 1434; x_wconf 91' lang='grc' dir='ltr'><strong><em>και</em></strong></span> <span class='ocrx_word' id='word_1_120' title='bbox 640 1401 656 1448; x_wconf 95' lang='grc' dir='ltr'><strong><em>η</em></strong></span> <span class='ocrx_word' id='word_1_121' title='bbox 676 1382 727 1435; x_wconf 83' lang='grc' dir='ltr'><strong><em>τῶν</em></strong></span> <span class='ocrx_word' id='word_1_122' title='bbox 739 1381 836 1436; x_wconf 79' lang='grc' dir='ltr'><strong><em>τέκνων</em></strong></span> 
     </span>
     <span class='ocr_line' id='line_1_17' title="bbox 80 1459 837 1539; baseline -0.005 -17"><span class='ocrx_word' id='word_1_123' title='bbox 80 1467 182 1539; x_wconf 83' lang='grc' dir='ltr'><strong><em>γίνεσις</em></strong></span> <span class='ocrx_word' id='word_1_124' title='bbox 196 1466 251 1528; x_wconf 84' lang='grc' dir='ltr'><strong><em>τοὶς</em></strong></span> <span class='ocrx_word' id='word_1_125' title='bbox 262 1464 361 1534; x_wconf 81' lang='grc' dir='ltr'><strong><em>ταίτηυ</em></strong></span> <span class='ocrx_word' id='word_1_126' title='bbox 374 1463 464 1532; x_wconf 69' lang='grc' dir='ltr'><strong><em>ἔχουσι</em></strong></span> <span class='ocrx_word' id='word_1_127' title='bbox 477 1466 524 1535; x_wconf 79' lang='grc' dir='ltr'><strong><em>τήν</em></strong></span> <span class='ocrx_word' id='word_1_128' title='bbox 536 1459 673 1533; x_wconf 78' lang='grc' dir='ltr'><strong><em>ἦλικίαν”</em></strong></span> <span class='ocrx_word' id='word_1_129' title='bbox 653 1484 773 1529; x_wconf 89' lang='grc' dir='ltr'><strong><em>απιστος.</em></strong></span> <span class='ocrx_word' id='word_1_130' title='bbox 786 1460 837 1519; x_wconf 79' lang='grc' dir='ltr'><strong><em>οὗ·</em></strong></span> 
     </span>
    </p>

    <p class='ocr_par' dir='ltr' id='par_1_5' title="bbox 82 1543 836 1630">
     <span class='ocr_line' id='line_1_18' title="bbox 82 1543 836 1630; baseline 0 -26"><span class='ocrx_word' id='word_1_131' title='bbox 82 1548 110 1605; x_wconf 86' lang='grc' dir='ltr'><strong><em>δί</em></strong></span> <span class='ocrx_word' id='word_1_132' title='bbox 124 1549 179 1623; x_wconf 85' lang='grc' dir='ltr'><strong><em>γιίρ</em></strong></span> <span class='ocrx_word' id='word_1_133' title='bbox 192 1543 275 1612; x_wconf 79' lang='grc' dir='ltr'><strong><em>δίπαις</em></strong></span> <span class='ocrx_word' id='word_1_134' title='bbox 295 1570 336 1618; x_wconf 84' lang='grc' dir='ltr'><strong><em>ην,</em></strong></span> <span class='ocrx_word' id='word_1_135' title='bbox 354 1544 420 1604; x_wconf 85' lang='grc' dir='ltr'><strong><em>ι’ίστε</em></strong></span> <span class='ocrx_word' id='word_1_136' title='bbox 437 1552 465 1605; x_wconf 74' lang='grc' dir='ltr'><strong><em>ἐκ</em></strong></span> <span class='ocrx_word' id='word_1_137' title='bbox 486 1549 585 1612; x_wconf 87' lang='grc' dir='ltr'><strong><em>παντός</em></strong></span> <span class='ocrx_word' id='word_1_138' title='bbox 602 1551 772 1630; x_wconf 74' lang='grc' dir='ltr'><strong><em>ίπιίνυμῆσαι</em></strong></span> <span class='ocrx_word' id='word_1_139' title='bbox 797 1549 836 1604; x_wconf 80' lang='grc' dir='ltr'><strong><em>τί·</em></strong></span> 
     </span>
    </p>

    <p class='ocr_par' dir='ltr' id='par_1_6' title="bbox 81 1622 838 2214">
     <span class='ocr_line' id='line_1_19' title="bbox 81 1622 837 1706; baseline -0.001 -18"><span class='ocrx_word' id='word_1_140' title='bbox 81 1652 167 1690; x_wconf 81' lang='grc' dir='ltr'><strong><em>κνων·</em></strong></span> <span class='ocrx_word' id='word_1_141' title='bbox 179 1630 247 1688; x_wconf 69' lang='grc' dir='ltr'><strong><em>ἄλλα·</em></strong></span> <span class='ocrx_word' id='word_1_142' title='bbox 265 1622 439 1706; x_wconf 76' lang='grc' dir='ltr'><strong><em>θυγατέρες</em></strong></span> <span class='ocrx_word' id='word_1_143' title='bbox 425 1627 638 1706; x_wconf 77' lang='grc' dir='ltr'><strong><em>ησαναδτῷδίιο,</em></strong></span> <span class='ocrx_word' id='word_1_144' title='bbox 653 1631 699 1687; x_wconf 86' lang='grc' dir='ltr'><strong><em>καὶ</em></strong></span> <span class='ocrx_word' id='word_1_145' title='bbox 713 1633 795 1691; x_wconf 75' lang='grc' dir='ltr'><strong><em>αὗταί</em></strong></span> <span class='ocrx_word' id='word_1_146' title='bbox 806 1653 837 1704; x_wconf 90' lang='grc' dir='ltr'><strong><em>γι</em></strong></span> 
     </span>
     <span class='ocr_line' id='line_1_20' title="bbox 82 1711 837 1822; baseline -0.005 -48"><span class='ocrx_word' id='word_1_147' title='bbox 82 1714 135 1822; x_wconf 77' lang='grc' dir='ltr'><strong><em>ἤδη</em></strong></span> <span class='ocrx_word' id='word_1_148' title='bbox 149 1718 339 1792; x_wconf 78' lang='grc' dir='ltr'><strong><em>γεγαμημέναι.</em></strong></span> <span class='ocrx_word' id='word_1_149' title='bbox 366 1715 467 1772; x_wconf 84' lang='grc' dir='ltr'><strong><em>τσίτων</em></strong></span> <span class='ocrx_word' id='word_1_150' title='bbox 481 1715 560 1787; x_wconf 74' lang='grc' dir='ltr'><strong><em>δὴ</em></strong></span> <span class='ocrx_word' id='word_1_151' title='bbox 526 1738 577 1772; x_wconf 87' lang='grc' dir='ltr'><strong><em>των</em></strong></span> <span class='ocrx_word' id='word_1_152' title='bbox 596 1711 737 1770; x_wconf 82' lang='grc' dir='ltr'><strong><em>οἱδυνατων</em></strong></span> <span class='ocrx_word' id='word_1_153' title='bbox 751 1735 777 1770; x_wconf 90' lang='grc' dir='ltr'><strong><em>τε</em></strong></span> <span class='ocrx_word' id='word_1_154' title='bbox 792 1713 837 1770; x_wconf 81' lang='grc' dir='ltr'><strong><em>καί</em></strong></span> 
     </span>
     <span class='ocr_line' id='line_1_21' title="bbox 83 1793 837 1875; baseline -0.004 -17"><span class='ocrx_word' id='word_1_155' title='bbox 83 1799 191 1858; x_wconf 72' lang='grc' dir='ltr'><strong><em>ἰτόπων</em></strong></span> <span class='ocrx_word' id='word_1_156' title='bbox 204 1799 301 1858; x_wconf 80' lang='grc' dir='ltr'><strong><em>ἕκαστα</em></strong></span> <span class='ocrx_word' id='word_1_157' title='bbox 314 1793 707 1875; x_wconf 75' lang='grc' dir='ltr'><strong><em>ἐπιλογιζόμενοςοίγυὶοδς</em></strong></span> <span class='ocrx_word' id='word_1_158' title='bbox 681 1820 750 1856; x_wconf 90' lang='grc' dir='ltr'><strong><em>ειναι</em></strong></span> <span class='ocrx_word' id='word_1_159' title='bbox 767 1808 837 1872; x_wconf 85' lang='grc' dir='ltr'><strong><em>Ταρ-</em></strong></span> 
     </span>
     <span class='ocr_line' id='line_1_22' title="bbox 83 1879 837 1961; baseline -0.007 -19"><span class='ocrx_word' id='word_1_160' title='bbox 83 1886 178 1942; x_wconf 82' lang='grc' dir='ltr'><strong><em>κυνίου</em></strong></span> <span class='ocrx_word' id='word_1_161' title='bbox 190 1887 286 1961; x_wconf 79' lang='grc' dir='ltr'><strong><em>γράφω</em></strong></span> <span class='ocrx_word' id='word_1_162' title='bbox 298 1887 361 1952; x_wconf 80' lang='grc' dir='ltr'><strong><em>τοὺς</em></strong></span> <span class='ocrx_word' id='word_1_163' title='bbox 374 1885 480 1951; x_wconf 79' lang='grc' dir='ltr'><strong><em>παῖδας,</em></strong></span> <span class='ocrx_word' id='word_1_164' title='bbox 504 1879 561 1941; x_wconf 73' lang='grc' dir='ltr'><strong><em>ἀλλ’</em></strong></span> <span class='ocrx_word' id='word_1_165' title='bbox 586 1882 705 1951; x_wconf 82' lang='grc' dir='ltr'><strong><em>υἱωνοῦς,</em></strong></span> <span class='ocrx_word' id='word_1_166' title='bbox 731 1885 837 1958; x_wconf 79' lang='grc' dir='ltr'><strong><em>Λευκίῳ</em></strong></span> 
     </span>
     <span class='ocr_line' id='line_1_23' title="bbox 86 1969 838 2069; baseline -0.001 -43"><span class='ocrx_word' id='word_1_167' title='bbox 86 1972 189 2026; x_wconf 83' lang='grc' dir='ltr'><strong><em>Πίσωνι</em></strong></span> <span class='ocrx_word' id='word_1_168' title='bbox 207 1971 243 2043; x_wconf 80' lang='grc' dir='ltr'><strong><em>τῷ</em></strong></span> <span class='ocrx_word' id='word_1_169' title='bbox 265 1969 352 2046; x_wconf 84' lang='grc' dir='ltr'><strong><em>Φρυγί</em></strong></span> <span class='ocrx_word' id='word_1_170' title='bbox 376 1971 643 2069; x_wconf 75' lang='grc' dir='ltr'><strong><em>συγκατατιθέμενος.</em></strong></span> <span class='ocrx_word' id='word_1_171' title='bbox 668 1971 766 2034; x_wconf 86' lang='grc' dir='ltr'><strong><em>ίκεὶνος</em></strong></span> <span class='ocrx_word' id='word_1_172' title='bbox 784 1972 838 2043; x_wconf 76' lang='grc' dir='ltr'><strong><em>γὰρ</em></strong></span> 
     </span>
     <span class='ocr_line' id='line_1_24' title="bbox 84 2046 838 2129; baseline 0.001 -21"><span class='ocrx_word' id='word_1_173' title='bbox 84 2057 110 2110; x_wconf 77' lang='grc' dir='ltr'><strong><em>ἐν</em></strong></span> <span class='ocrx_word' id='word_1_174' title='bbox 123 2056 184 2117; x_wconf 77' lang='grc' dir='ltr'><strong><em>ταῖς</em></strong></span> <span class='ocrx_word' id='word_1_175' title='bbox 196 2056 341 2121; x_wconf 74' lang='grc' dir='ltr'><strong><em>ἐνιαυσίοις</em></strong></span> <span class='ocrx_word' id='word_1_176' title='bbox 353 2053 546 2129; x_wconf 82' lang='grc' dir='ltr'><strong><em>πραγματείαις</em></strong></span> <span class='ocrx_word' id='word_1_177' title='bbox 559 2046 641 2108; x_wconf 78' lang='grc' dir='ltr'><strong><em>τουθ</em></strong></span> <span class='ocrx_word' id='word_1_178' title='bbox 654 2050 777 2126; x_wconf 76' lang='grc' dir='ltr'><strong><em>ἱστόρηκε</em></strong></span> <span class='ocrx_word' id='word_1_179' title='bbox 789 2056 838 2123; x_wconf 84' lang='grc' dir='ltr'><strong><em>μό-</em></strong></span> 
     </span>
     <span class='ocr_line' id='line_1_25' title="bbox 84 2131 836 2241; baseline -0.003 -49"><span class='ocrx_word' id='word_1_180' title='bbox 84 2157 142 2202; x_wconf 87' lang='grc' dir='ltr'><strong><em>νος</em></strong></span> <span class='ocrx_word' id='word_1_181' title='bbox 156 2135 180 2194; x_wconf 82' lang='grc' dir='ltr'><strong><em>εἱ</em></strong></span> <span class='ocrx_word' id='word_1_182' title='bbox 192 2138 228 2210; x_wconf 82' lang='grc' dir='ltr'>μή</span> <span class='ocrx_word' id='word_1_183' title='bbox 241 2159 271 2213; x_wconf 88' lang='grc' dir='ltr'><strong><em>γε</em></strong></span> <span class='ocrx_word' id='word_1_184' title='bbox 283 2134 336 2214; x_wconf 87' lang='grc' dir='ltr'><strong><em>ι’ίρα</em></strong></span> <span class='ocrx_word' id='word_1_185' title='bbox 347 2141 419 2241; x_wconf 81' lang='grc' dir='ltr'><strong><em>γόγιρ</em></strong></span> <span class='ocrx_word' id='word_1_186' title='bbox 434 2139 515 2212; x_wconf 73' lang='grc' dir='ltr'><strong><em>μίνη</em></strong></span> <span class='ocrx_word' id='word_1_187' title='bbox 498 2131 609 2206; x_wconf 46' lang='lat' dir='ltr'><strong><em>&amp;aas</em></strong></span> <span class='ocrx_word' id='word_1_188' title='bbox 581 2135 673 2192; x_wconf 84' lang='grc' dir='ltr'><strong><em>υιωνοί</em></strong></span> <span class='ocrx_word' id='word_1_189' title='bbox 691 2139 739 2193; x_wconf 77' lang='grc' dir='ltr'><strong><em>τοῦ</em></strong></span> <span class='ocrx_word' id='word_1_190' title='bbox 756 2138 836 2241; x_wconf 80' lang='grc' dir='ltr'><strong><em>βασι·</em></strong></span> 
     </span>
    </p>

    <p class='ocr_par' dir='ltr' id='par_1_7' title="bbox 85 2215 837 2292">
     <span class='ocr_line' id='line_1_26' title="bbox 85 2215 837 2292; baseline -0.005 -15"><span class='ocrx_word' id='word_1_191' title='bbox 85 2221 299 2289; x_wconf 85' lang='grc' dir='ltr'><strong><em>λε’ωςοίπαῖδες,</em></strong></span> <span class='ocrx_word' id='word_1_192' title='bbox 325 2224 429 2292; x_wconf 73' lang='grc' dir='ltr'><strong><em>ποιησει</em></strong></span> <span class='ocrx_word' id='word_1_193' title='bbox 447 2222 478 2279; x_wconf 73' lang='grc' dir='ltr'><strong><em>δὲ</em></strong></span> <span class='ocrx_word' id='word_1_194' title='bbox 497 2221 562 2277; x_wconf 87' lang='grc' dir='ltr'><strong><em>υἱοί.</em></strong></span> <span class='ocrx_word' id='word_1_195' title='bbox 588 2219 633 2276; x_wconf 82' lang='grc' dir='ltr'><strong><em>καί</em></strong></span> <span class='ocrx_word' id='word_1_196' title='bbox 660 2215 732 2277; x_wconf 76' lang='grc' dir='ltr'><strong><em>τοῦτ’</em></strong></span> <span class='ocrx_word' id='word_1_197' title='bbox 751 2242 784 2287; x_wconf 89' lang='grc' dir='ltr'><strong><em>ην</em></strong></span> <span class='ocrx_word' id='word_1_198' title='bbox 796 2242 837 2273; x_wconf 92' lang='grc' dir='ltr'><strong><em>αι</em></strong></span> 
     </span>
    </p>

    <p class='ocr_par' dir='ltr' id='par_1_8' title="bbox 86 2302 837 2406">
     <span class='ocr_line' id='line_1_27' title="bbox 86 2302 837 2406; baseline -0.001 -48"><span class='ocrx_word' id='word_1_199' title='bbox 86 2324 141 2360; x_wconf 89' lang='grc' dir='ltr'><strong><em>ιιον</em></strong></span> <span class='ocrx_word' id='word_1_200' title='bbox 154 2310 199 2377; x_wconf 70' lang='grc' dir='ltr'><strong><em>τῆς</em></strong></span> <span class='ocrx_word' id='word_1_201' title='bbox 224 2304 327 2377; x_wconf 84' lang='grc' dir='ltr'><strong><em>απιίτης</em></strong></span> <span class='ocrx_word' id='word_1_202' title='bbox 351 2311 407 2371; x_wconf 77' lang='grc' dir='ltr'><strong><em>τοῖς</em></strong></span> <span class='ocrx_word' id='word_1_203' title='bbox 430 2302 560 2370; x_wconf 83' lang='grc' dir='ltr'><strong><em>σ’ίλλοις”</em></strong></span> <span class='ocrx_word' id='word_1_204' title='bbox 540 2325 629 2362; x_wconf 88' lang='grc' dir='ltr'><strong><em>απασι</em></strong></span> <span class='ocrx_word' id='word_1_205' title='bbox 647 2308 703 2369; x_wconf 82' lang='grc' dir='ltr'><strong><em>τοῖς</em></strong></span> <span class='ocrx_word' id='word_1_206' title='bbox 721 2305 837 2406; x_wconf 84' lang='grc' dir='ltr'><strong><em>ρυγγροί·</em></strong></span> 
     </span>
    </p>

    <p class='ocr_par' dir='ltr' id='par_1_9' title="bbox 87 2386 838 2628">
     <span class='ocr_line' id='line_1_28' title="bbox 87 2386 838 2466; baseline -0.004 -23"><span class='ocrx_word' id='word_1_207' title='bbox 87 2405 155 2459; x_wconf 75' lang='grc' dir='ltr'><strong><em>μασι</em></strong></span> <span class='ocrx_word' id='word_1_208' title='bbox 179 2412 227 2456; x_wconf 87' lang='grc' dir='ltr'><strong><em>τας</em></strong></span> <span class='ocrx_word' id='word_1_209' title='bbox 247 2388 394 2461; x_wconf 75' lang='grc' dir='ltr'><strong><em>Ῥωμαϊκὰς</em></strong></span> <span class='ocrx_word' id='word_1_210' title='bbox 420 2388 546 2466; x_wconf 88' lang='grc' dir='ltr'><strong><em>ἱστορίας.</em></strong></span> <span class='ocrx_word' id='word_1_211' title='bbox 587 2388 780 2464; x_wconf 80' lang='grc' dir='ltr'><strong><em>προειρημένων</em></strong></span> <span class='ocrx_word' id='word_1_212' title='bbox 809 2386 838 2441; x_wconf 75' lang='grc' dir='ltr'><strong><em>δὲ</em></strong></span> 
     </span>
     <span class='ocr_line' id='line_1_29' title="bbox 87 2469 836 2549; baseline -0.001 -24"><span class='ocrx_word' id='word_1_213' title='bbox 87 2470 201 2543; x_wconf 83' lang='grc' dir='ltr'><strong><em>τοίιτων,</em></strong></span> <span class='ocrx_word' id='word_1_214' title='bbox 227 2477 318 2549; x_wconf 87' lang='grc' dir='ltr'><strong><em>καιρός</em></strong></span> <span class='ocrx_word' id='word_1_215' title='bbox 342 2474 484 2549; x_wconf 76' lang='grc' dir='ltr'><strong><em>ἐπανάγειν</em></strong></span> <span class='ocrx_word' id='word_1_216' title='bbox 501 2473 547 2531; x_wconf 60' lang='lat' dir='ltr'><strong><em>en)</em></strong></span> <span class='ocrx_word' id='word_1_217' title='bbox 561 2474 608 2544; x_wconf 76' lang='grc' dir='ltr'><strong><em>την</em></strong></span> <span class='ocrx_word' id='word_1_218' title='bbox 625 2469 836 2542; x_wconf 72' lang='grc' dir='ltr'><strong><em>ἀπολειπομένην</em></strong></span> 
     </span>
     <span class='ocr_line' id='line_1_30' title="bbox 89 2554 219 2628; baseline 0.031 -19"><span class='ocrx_word' id='word_1_219' title='bbox 89 2554 219 2628; x_wconf 78' lang='grc' dir='ltr'><strong><em>διήγησιν.</em></strong></span> 
     </span>
    </p>

    <p class='ocr_par' dir='ltr' id='par_1_10' title="bbox 122 2636 683 2693">
     <span class='ocr_line' id='line_1_31' title="bbox 122 2636 683 2693; baseline 0.005 -8"><span class='ocrx_word' id='word_1_220' title='bbox 122 2638 228 2686; x_wconf 75' lang='grc' dir='ltr'><strong><em>λλιοιινν.</em></strong></span> <span class='ocrx_word' id='word_1_221' title='bbox 243 2636 315 2688; x_wconf 72' lang='lat' dir='ltr'><strong><em>ml.</em></strong></span> <span class='ocrx_word' id='word_1_222' title='bbox 661 2643 683 2693; x_wconf 65' lang='lat' dir='ltr'><strong><em>Y.</em></strong></span> 
     </span>
    </p>
   </div>
   <div class='ocr_carea' id='block_1_4' title="bbox 0 0 957 2970">
    <p class='ocr_par' dir='ltr' id='par_1_11' title="bbox 0 0 957 2970">
     <span class='ocr_line' id='line_1_32' title="bbox 0 0 957 2970; baseline 0 0"><span class='ocrx_word' id='word_1_223' title='bbox 0 0 957 2970; x_wconf 95' lang='lat' dir='ltr'><strong><em> </em></strong></span> 
     </span>
    </p>
   </div>
  </div>
 </body>
</html>
