1890 2970
97 129 152 186 lm
220 123 381 175 DIONYSH
398 117 743 174 flALchRMSSENSIS

97 229 130 288 οό
142 233 189 289 τόν
201 234 312 299 κόσμον,
324 226 393 286 άλλά
410 228 472 292 τσδς
491 226 611 303 θυρεοός
628 221 694 302 παρ’
711 222 802 283 αάτίέν
814 222 857 282 αῖ-

97 320 161 375 τιῖν.
207 316 298 388 Τατίῳ
311 315 340 371 δέ
352 316 447 385 θυμόν
459 333 487 370 τι
499 309 633 368 εἰσελθεῖν
644 313 691 369 ε’πί
702 314 736 386 τῇ
754 312 857 376 ἐξαπά-

97 424 139 477 τῃ,
152 400 200 457 ιιαί
212 403 343 475 λογισμόν
355 403 404 456 τοῖν
415 400 454 474 μὴ
466 399 624 473 παραβῆναι
637 400 685 464 τάς
704 398 858 472 ὁμολογίας.

99 487 175 550 δόξαν
200 482 229 542 δ’
243 475 295 543 οδν
308 481 381 559 αότξι
400 484 497 540 δοῖιναι
506 484 556 554 μὲν
568 487 602 538 τά
628 479 713 549 ὅπλα,
741 478 859 556 οῖσπερῆ

98 576 161 636 παῖς
172 570 272 645 ἠξίωσε,
287 575 400 641 ποιῆσαι
414 565 438 624 δ’
452 564 523 633 ὅπως
534 563 624 623 οὔτῶν
645 567 741 641 μηδενί
754 569 860 640 λαβοῦ-

97 678 133 713 σα
142 659 283 731 χρήσηται.
298 657 344 714 καί
357 651 469 721 αὐτίκα,
485 654 684 726 διατεινάμενον
696 651 730 718 ὃς
740 655 859 726 μάλιστα

97 739 187 812 ίσχίιος
200 736 259 809 εἶχε,
287 744 368 816 ῥίψαι
380 741 427 796 τόν
440 740 542 813 θυρεόν
555 741 624 795 κατά
637 743 683 808 τῆς
702 740 790 814 κόρης,
813 737 860 792 ιιαί

97 831 153 890 τοῖς
167 821 257 892 ἄλλοις
269 825 528 900 παρανελεόσασθαι
540 827 724 880 τοῖινοποιεῖν.
740 819 813 880 οὕτω
825 822 857 890 δὴ

97 913 264 985 βαλλομένην
277 914 416 968 πάντοθεν
428 912 476 978 τήν
493 911 638 982 Τάρπειαν,
661 908 713 965 ὑπὸ
734 909 858 978 πλήθους

98 1017 125 1051 τε
140 996 187 1051 καί
200 994 290 1066 έσχόος
304 1000 356 1052 τῶν
377 997 486 1069 πληγῶν
504 997 604 1061 πεσεῖν,
626 994 674 1050 ναί
699 1014 857 1069 περισωρευ-

98 1084 197 1137 θεῖσαν
211 1079 264 1137 ῖνπό
280 1086 332 1138 τῶν
344 1083 452 1155 θυρεῶν
465 1079 628 1136 άποθανεῖν.
656 1077 684 1134 οῖ
698 1078 726 1134 δέ
739 1079 799 1152 περί
813 1079 859 1133 τόν

101 1167 209 1238 Φάβιον
220 1167 265 1222 ίπί
279 1172 336 1231 τοῖς
350 1166 482 1240 Σαβίνοις
494 1167 605 1221 ποιοῦσι
624 1166 672 1234 τήν
692 1167 745 1219 τῶν
757 1164 859 1237 όμολσ-

96 1253 161 1323 γιιῖιν
174 1247 292 1321 άπάτην.
307 1253 367 1310 δέον
385 1251 438 1327 γάρ
457 1245 557 1312 αάτοὺς
576 1251 623 1304 τόν
640 1252 751 1323 χρυσόν,
770 1245 858 1322 ὥσπερ

97 1331 113 1405 ἦ
131 1337 252 1410 Τάρπεια
271 1335 355 1409 ἠξίου,
377 1339 446 1392 ιιατά
460 1338 509 1400 τάς
527 1334 671 1408 ὁμολογίας
685 1331 858 1400 άπσδιδόναι,

96 1420 305 1491 χαλεπαίνοντας
318 1422 363 1478 ἐπί
377 1422 413 1496 τῷ
424 1421 532 1493 μεγέθει
546 1424 595 1475 τοῖι
608 1423 730 1492 μισθοῦ,
750 1421 784 1475 τά
798 1440 857 1474 σιιε·

97 1506 232 1580 παστήρια
247 1502 303 1562 κατ’
318 1502 403 1575 αὐτῆς
415 1508 533 1579 βάλλειν,
545 1504 578 1566 ὡς
592 1506 686 1570 ταῦτα,
707 1500 752 1559 ὅτε
771 1499 858 1576 ὤμνυ-

98 1612 157 1658 σαν,
170 1587 241 1666 αότῇ
259 1591 352 1648 δώσειν
371 1590 584 1662 ὑποσχομένους·
603 1591 670 1646 ἔοικε
690 1588 719 1646 δέ
739 1590 773 1643 τά
791 1593 859 1662 μετά

99 1678 185 1730 ταῖιτα
203 1680 332 1750 γενόμενα
352 1678 401 1745 τὴν
423 1676 546 1737 Πίσωνος
563 1674 749 1747 άληθιστέραν
772 1678 861 1731 ποιεῖν

99 1758 250 1834 άπόνρισιν.
277 1764 369 1834 τάφου
382 1782 408 1816 τε
423 1761 476 1835 γάρ
489 1759 558 1816 ἔνθα
571 1761 662 1817 ἔπεσιν
682 1759 799 1831 ἠξίωται,
814 1762 861 1815 τόν

100 1843 241 1916 ἱερώτατον
254 1850 301 1916 τῆς
312 1848 411 1912 πόλεως
417 1847 564 1916 κατέχουσα
575 1849 668 1917 λόφον,
682 1845 728 1901 καί
740 1841 862 1915 χοάςαά·

100 1931 133 2003 τῇ
142 1926 267 2001 Ῥωμαῖοι
282 1927 345 1986 καθ’
354 1932 467 1988 ἕκαστον
475 1934 598 1987 ἐνιαυτόν
606 1928 784 1986 άπστελοῦσι*
796 1932 864 2002 λέγω

101 2012 128 2068 δέ
142 2008 160 2067 ά
175 2016 268 2070 Πίσων
280 2019 394 2090 γράφει·
407 2002 444 2071 ὧν
455 2012 562 2080 οὖδενδς
576 2011 746 2085 είκδςαδτέγν,
761 2013 784 2070 εί
796 2036 863 2087 προ-

101 2097 216 2156 διδοῦσα
230 2101 278 2169 τὴν
291 2102 408 2175 πατρίδα
423 2105 479 2162 τοῖς
488 2103 626 2173 πολεμίοις
639 2098 792 2168 άπὲθανεν,
812 2096 862 2155 σι’ί-

100 2203 126 2237 τε
140 2186 216 2259 παρά
228 2186 280 2239 τῶν
292 2185 493 2260 προδοθέντων,
509 2181 571 2241 οὔτε
579 2189 655 2260 παρά
668 2188 719 2243 τῶν
733 2183 861 2242 ιῖπσκτει-

101 2270 311 2340 νάντωντυχιῖν,
338 2269 406 2327 άλλά
431 2271 477 2327 ιιαί
492 2273 555 2327 εἴτι
579 2271 708 2344 λείψανον
734 2262 863 2340 αότῆςῆν

101 2356 295 2429 τοῦσώματος,
321 2355 477 2428 άνασιιαφὲν
503 2355 549 2419 {tw
568 2359 680 2431 ῥιφῆναι
699 2355 750 2411 σδν
766 2357 860 2430 χρόνῳ,

100 2441 193 2512 φόβου
205 2461 233 2495 τε
247 2441 293 2497 ιιαί
307 2439 466 2516 άποτροπῆς
489 2439 565 2496 ἕνεκα
591 2443 643 2496 τῶν
667 2443 814 2512 μελλόντων
826 2443 862 2497 τά

102 2519 184 2593 ὅμοια
203 2524 279 2601 δρᾷν.
299 2522 358 2581 άλλ’
379 2525 444 2601 ιἰπέρ
461 2526 510 2599 μὲν
533 2525 633 2580 τοίνυν
653 2528 760 2600 κρινέτω
776 2524 862 2592 τίςάς

33 2605 224 2800 ζῶναι,
