1890 2970
100 62 107 85 ί
195 106 470 176 ANTIQVITATVM
482 104 745 160 ROMAMIBJV.
811 117 845 170 23

93 299 251 374 παράνομον
270 295 354 355 αύτού
376 297 550 364 δυναστείαν,
566 293 747 362 ἀποδείξαντες
758 318 844 370 μεσο-

91 385 224 456 βασιλεῖς,
240 381 286 438 καί
299 378 332 438 δι’
346 383 450 438 ἐκείνων
469 382 580 437 ίλίσθαι
597 379 645 435 τδν
658 382 726 436 κατοί
745 384 843 454 νόμους

93 463 191 528 ἄξοντο
204 468 253 534 τῆν
265 465 362 542 ὀργῆν·
384 467 443 521 τότε
457 463 485 520 δὲ
504 466 620 540 στίργειν
637 464 681 520 eni
698 467 755 530 τοῖς
768 486 843 541 παρ-

92 552 171 605 ούοιν
184 545 266 622 ᾤοντο
280 549 349 618 δεῖν,
376 548 423 605 καί
434 549 472 623 μῆ
486 549 727 623 πολυπραγμονεῖν.
746 546 842 605 ἐἰσπί-

91 654 152 690 πτει
164 636 216 711 γοίρ
240 629 331 698 αὐτοῖς
343 633 477 708 λογισμὸς,
505 627 546 688 δτι
564 635 610 704 τῆς
626 634 675 706 μίν
697 633 797 705 βουλῆς
809 629 842 689 δν

90 713 161 785 αύτῆ
179 721 321 792 προῃρεῖτο
340 716 513 792 παραγούσης
527 714 570 772 ίπί
593 716 627 771 τοί
639 717 797 792 πράγματα,
825 718 841 774 δ

89 802 174 871 δῆμος
183 799 367 857 ἐναντιώσεται
391 802 440 870 τῆν
460 803 553 874 ψῆφον
571 795 726 871 ἀναλαβών·
751 802 799 858 ἐοίν
812 800 840 857 δὲ

87 883 134 940 ίπί
158 883 194 957 τῷ
219 883 292 959 δῆμον
316 885 447 955 ποιήσωσι
459 886 506 954 τῆν
531 881 693 958 αῖρεσιντού
705 885 838 958 βασιλέως,

88 964 196 1024 ἅπασαν
208 969 255 1025 τδν
267 968 379 1027 Τύλλιον
393 968 637 1044 ψηφηφορῆσουσιν
653 964 683 1022 αῖ
701 968 837 1045 φρατριαί,

89 1051 136 1108 καί
143 1055 276 1128 περιέσται
288 1053 325 1129 τρῖ
335 1051 414 1127 ἅνδρί
425 1050 625 1108 τδδοκιῖνκατοί
633 1051 730 1123 νόμους
742 1051 838 1126 ιῖργειν.

89 1135 175 1200 ἔδοξεν
188 1123 237 1192 ούν
250 1132 345 1201 αύτοῖς
358 1133 467 1209 ἄμεινον
479 1129 546 1191 εἶναι
564 1135 710 1191 κλέπτοντα
730 1138 778 1206 τῆν
792 1133 839 1211 ἄρ·

85 1220 136 1290 γῆν
149 1221 195 1275 τδν
209 1216 304 1296 ἄνδρα,
331 1219 376 1276 καί
389 1220 626 1296 παρακρουόμενον
647 1219 709 1283 τούς
726 1221 837 1287 πολίτας
871 1229 876 1238 “

86 1305 186 1360 αδλλον
198 1301 215 1371 ἢ
228 1304 355 1360 πείσαντα
374 1302 419 1359 καί
438 1304 563 1377 φανεροῖς
579 1303 696 1377 λαβόντα
710 1305 835 1374 κατέχειν.

86 1384 141 1444 ἄλλ’
158 1382 235 1442 ούδὲν
248 1383 340 1452 αύτσῖς
352 1389 452 1461 ἐγένετο
471 1381 611 1461 προύργου
625 1389 675 1442 τῶν
688 1389 837 1461 λελογισμέ-

85 1466 218 1528 νωνούιω
224 1473 467 1547 κατεστρατήγησεν
473 1467 594 1534 αύτούςδ
603 1469 834 1538 Τύλλιοςκαίκατ-

84 1559 142 1624 ε’σγε
155 1555 204 1621 τῆν
215 1557 355 1627 βασιλείαν
374 1553 491 1611 ἀκόντων
504 1557 616 1611 ἐκείνων.
634 1559 834 1621 κατασκευάσας

83 1642 137 1714 γιίρ
145 1639 726 1713 ἐκπολλούφῆμαςλίγεσθαικατδτῆνπόλιν,
739 1639 834 1705 ὧςίπκ-

81 1719 345 1797 βουλευόντωναύτρῖ
355 1725 405 1779 τῶν
418 1725 570 1796 πατρικίων,
588 1726 725 1797 προῆλθεν
739 1721 774 1789 εῖς
786 1728 834 1793 τῆν

82 1801 830 1882 ιίγοροίνέσδῆταπιναριίνπιριβεβλημίνος,καῖκατηφής,

82 1892 216 1960 συνούσης
223 1887 294 1965 αύτῷ
301 1893 395 1962 καὶτῆς
402 1886 644 1966 μητρδςὌκρισίας,
654 1890 698 1948 καί
704 1895 749 1963 τῆς
759 1902 832 1967 Ταρ-

82 1977 176 2030 κυνίου
182 1978 296 2047 γαμετῆς
310 1974 498 2042 Τανακυλίδος,
511 1973 555 2030 καί
566 1978 613 2045 τῆς
624 1974 775 2051 συγγενείας
788 1969 831 2046 τῆς

82 2053 830 2136 δασιλικῆςὸληςείίγλουδι’συνδραμόντοςπολλούπρδςτδ

82 2142 830 2218 παράδοξοντῆςὸψεως,ἕκκλησίανσυγκαλέσαςπροῆλθεν

82 2225 124 2281 ἐπὶ
138 2228 168 2281 τδ
187 2227 276 2297 βῆμα,
302 2227 348 2282 καί
362 2226 483 2296 διεξῆλθε
496 2228 617 2283 τοιούτδν
635 2247 694 2282 τινα
707 2228 794 2301 λύγον.

144 2307 195 2367 XI.
217 2305 296 2376 „ofin
309 2309 346 2365 ἔτι
359 2309 419 2386 περί
437 2313 488 2365 τῶν
504 2310 654 2382 Ταρκυνίου
667 2310 770 2366 παίδων
780 2311 829 2380 μδ-

83 2414 148 2458 ,,νον
170 2394 185 2449 δ
198 2395 320 2458 κίνδυνός
331 2398 409 2460 ἐστιν,
436 2393 482 2450 ῖνα
494 2394 576 2468 μηδὲν
591 2391 643 2448 ύπδ
662 2395 714 2448 τῶν
726 2394 829 2466 ίγθρῶν

83 2476 189 2540 ,δεινὸν
202 2480 337 2546 πάθωσιν,
352 2472 406 2533 ἀλλ’
422 2472 472 2547 ἤδη
486 2477 532 2533 καί
545 2475 605 2549 περί
618 2479 732 2550 τῆςίμῆς
745 2479 829 2549 ψυχῆς

85 2560 161 2626 Ι,δεός
174 2563 362 2637 ίπεισὲργεται,
373 2561 413 2636 μῆ
432 2562 529 2641 πικριίς
543 2558 661 2638 ἀμοιβὰς
672 2563 721 2634 τῆς
734 2559 825 2617 δικαιο
