1890 2970
145 118 180 174 50
262 108 422 161 moNst
437 105 788 159 HALleARNAssssNsffi

145 215 334 286 οίθιιημότοιν,
349 210 398 280 οῦς
410 214 540 290 λγγυητιὶς
552 214 730 288 ποιησόμενοι
741 215 793 270 τῶν
806 213 909 288 όμολο·

143 303 217 377 γιῦν,
245 300 403 376 παρέβησαν
415 301 450 356 τοί
475 299 646 373 συγκείμενα,
672 298 777 354 πολλῶν
803 294 907 365 αὖτοὺς

144 386 196 458 ἔφη
209 386 340 462 τιμωριῶν
352 381 442 448 ολξίους
454 377 523 440 ελνσι
538 381 583 438 καί
594 382 729 455 μεγάλων·
742 385 789 452 τῆς
802 381 830 438 δέ
840 379 905 438 Ῥω·

144 470 231 542 μαίων
244 470 383 532 ἐπιεικείας
395 467 442 524 καί
459 468 637 539 μετριότητος,
657 465 748 536 ἐπειδὴ
767 469 906 542 συγγνόν-

145 575 186 618 τες
198 551 309 619 εἰδικιλν,
323 555 454 624 στέμμασι
460 551 505 609 καί
515 553 656 615 λιτανείαις
668 552 841 626 παρῃτοῦντο
855 552 904 620 τήν

145 635 236 714 όργην,
249 631 307 692 οὔδ’
321 639 349 691 ἐν
361 637 396 709 τῷ
406 637 520 711 παρόντι
535 633 683 705 ἀτυχήσειν.
710 636 796 691 ταῦτα
812 633 902 704 είπών,

146 719 306 777 καταλύεται
332 720 381 774 τόν
402 721 468 795 πρός
493 716 593 784 νιῦτοός
615 720 745 790 πόλεμον,
772 723 832 784 ταίς
853 722 903 792 μὲν

145 801 236 869 ἄλλοις
260 805 370 861 πόλεσιν
393 801 482 869 ἁπλῶς
509 802 555 860 καί
580 804 640 872 δίχα
666 799 746 878 ὀργῆς
768 806 904 876 μνησικα-

148 909 198 944 κου
227 886 422 944 πολιτεύεσθαί
459 908 488 944 τι
519 885 652 953 ἀποδοὺς,
691 886 725 952 ὧς
763 890 902 964 πρότερον,

147 971 193 1029 καί
223 974 257 1028 τοί
292 973 351 1029 ἴδιοι
383 973 573 1046 καρποῦσθαι,
612 970 756 1044 μενούσαις
785 977 814 1028 ἐν
845 977 904 1039 ταῖς

146 1058 307 1131 γραφείσαις
339 1058 407 1131 πρός
437 1051 522 1123 αῦτοίς
553 1057 703 1125 συνθήκαις
734 1054 788 1112 ῦπδ
818 1057 903 1128 βασι-

146 1143 207 1206 λέως
223 1141 385 1216 Ταρκυνίου.
411 1144 481 1215 τρεῖς
494 1141 561 1206 δὲόξ
578 1136 666 1197 αῦτοῦν
678 1142 780 1207 πόλεις,
795 1139 827 1198 οἳ
837 1161 904 1216 προ·

147 1226 321 1295 εξσινίστηοολν
348 1245 375 1282 τι
399 1225 446 1282 καί
471 1227 518 1290 τοίς
543 1220 623 1290 ἄλλας
643 1222 815 1299 ὑπηγάγοντο
834 1228 905 1281 κατοί

144 1305 279 1383 Ῥωμαίων
292 1311 432 1384 όξενιγκελν
446 1311 493 1367 τόν
505 1311 631 1382 πόλεμον,
657 1311 835 1384 Καιρητανῶν
857 1307 904 1365 καί

150 1395 320 1470 Ταρκυνιτιῦν
330 1392 375 1450 καί
391 1389 565 1460 Οῦίιντανῶν,
579 1391 680 1457 ταῦτας
699 1389 841 1468 ἀφαιρέσει
853 1395 904 1462 203-

147 1499 195 1554 ρας
222 1480 445 1586 τιμωρησόμενος,
472 1474 507 1549 ἣν
520 1475 745 1554 κατεκληροῦχησε
766 1472 906 1550 Ῥωμαίων

147 1565 203 1627 τοῖς
215 1583 307 1620 νεωοτι
298 1559 539 1638 προσεληλυθόσι
551 1561 824 1638 πρδςτηνπολιτειαν.
839 1563 905 1618 ταῦ

148 1666 181 1701 τα
183 1647 404 1754 διαπραξόμενος
419 1651 448 1703 όν
473 1645 563 1722 ιῖρηνη
576 1667 604 1703 τι
616 1646 664 1703 καί
678 1666 748 1701 κατα
741 1647 902 1745 πολέμους,

147 1730 194 1788 καί
218 1732 300 1796 ναοὺς
318 1729 368 1787 δῦο
395 1733 662 1805 κατασκευασάμενος
679 1730 772 1802 Τῦχης,
800 1716 907 1806 ηπαροί

148 1817 236 1872 πάντα
249 1817 297 1871 τόν
308 1816 371 1887 βίον
385 1814 471 1880 ἔδοξεν
491 1813 587 1891 οίγαθῇ
611 1817 768 1890 κεχρῆσθαι,
797 1816 907 1890 τὸνμὲν

147 1896 279 1972 ἐναγορηῦ
303 1920 334 1971 τη·
324 1895 497 1974 καλουμένῃ
511 1899 626 1974 Βοαρίᾳ,
654 1896 773 1955 τόνδ”’
758 1901 908 1973 ετερονίπί

102 2028 104 2031 .
147 1984 205 2046 ταῖς
217 1981 291 2053 ἦῖόσι
305 1984 354 2037 τοῦ
371 1984 499 2056 Τιβέριος,
515 1978 549 2052 ἢν
572 1981 699 2058 ἀνδρείαν
721 1985 908 2058 προσηγόρευ·

147 2085 200 2132 σιν,
215 2064 249 2128 εἰς
260 2064 307 2122 καί
320 2065 368 2120 νῦν
382 2066 434 2124 ῦπό
444 2063 580 2141 Ῥωμαίων
590 2070 727 2124 καλεῖται·
754 2065 860 2139 ἡλικίας
879 2090 909 2126 τε

146 2149 373 2224 προβεβηκώςίπί
387 2153 455 2208 πσλιί
462 2194 471 2219 ,
487 2152 532 2208 καί
544 2155 590 2221 τῆς
602 2155 670 2208 κοιτσί
688 2151 773 2224 φῦσιν
786 2154 910 2223 τελευτῆς

148 2230 181 2289 οῦ
194 2237 302 2310 μακροίν
315 2232 426 2305 ολπὲγων,
454 2235 657 2309 ἐπιβουλευθείς
677 2235 732 2292 ῦπό
750 2238 910 2310 Ταρκυνίου

146 2338 173 2372 τε
185 2321 235 2374 τοῦ
246 2321 372 2396 γαμβροῦ
386 2319 483 2389 καίτῆς
496 2321 596 2375 ἑαυτοῦ
622 2323 760 2396 θυγατρός
779 2318 911 2393 οἷποθνίγ·

147 2422 211 2458 οκει.
238 2404 398 2477 διηγήσομαι
412 2404 440 2459 δὲ
453 2401 499 2460 καί
512 2407 558 2474 τῆς
570 2406 714 2480 ἐπιβουλῆς
727 2408 775 2461 τόν
793 2407 909 2482 τρόπον,

147 2491 228 2561 μικροί
242 2489 293 2542 τῶν
307 2487 462 2590 ἔμπροσθεν
474 2490 620 2561 γενομένων
632 2487 784 2563 ἀναλαβών.
890 2525 891 2529 =

204 2567 341 2632 XXVIII.
367 2580 446 2631 Ησαν
460 2571 493 2644 δὴ
511 2574 611 2648 Τυλλίῳ
633 2573 681 2630 δύο
701 2576 851 2649 θυγατέρες
878 2578 927 2633 ἐν’
