1890 2970
107 96 157 150 166
223 89 383 141 DIONYSH
408 86 749 143 uALchnNAssssusls

104 198 190 254 ταίια
202 200 272 254 κατά
284 199 332 254 τόν
344 191 428 254 αδτόν
438 197 539 272 τρόπον
552 195 702 270 ίιιτηρὲτουε
715 199 773 261 τοῖς
784 195 871 273 ἱερεῦ.

106 304 151 341 σιν
162 281 190 338 οί
202 286 339 356 λεγόμενοι
351 284 399 338 νῦν
412 285 487 357 παρά
496 278 633 353 Ῥωμαίων
647 283 792 354 Κάμιλλοι.
831 281 870 339 ἔτι

103 372 170 443 πρός
176 368 280 433 τούτοις
286 367 460 440 ἴταξεχιάντιν
472 372 500 432 εξ
510 368 622 436 ἑιιάστης
632 371 719 437 φυλῆς
732 366 779 424 ἕνα
792 388 868 441 τιαρ-

104 458 174 510 ιῖναι
200 456 256 516 τοῖς
275 451 363 528 ἱεροῖς,
379 447 411 508 όν
423 449 497 525 ἡμεῖς
509 448 738 525 μὲνἿεροσιιόιτον
765 454 866 507 καλοῖε-

103 559 160 611 μεν,
172 533 299 611 Ῥωμαῖοι
313 538 341 592 δὲ
352 534 445 610 ὀλίγον
456 559 481 592 τι
495 541 542 608 τῆς
560 534 672 612 οίρχαίας
691 538 868 607 φυλάττοντες

105 620 262 697 ὀνομασίας,
280 619 443 696 Ἀροίσττιιια
462 621 720 696 προσαγορεύουσιν.
746 618 868 686 ἅπαντας

105 709 132 763 δὲ
144 710 205 772 τούς
219 707 294 780 ἱερεῖς
306 729 332 761 τε
346 705 391 762 καί
404 708 576 782 λειτουργοὺς
588 709 639 762 τῶν
648 709 720 761 θεῶν
732 710 866 779 ἐνομοθέ-

104 815 182 861 τησεν
196 789 414 848 άτιοδείιινυσθαι
425 793 475 864 μὲν
490 791 543 847 ὑπό
557 795 607 846 τῶν
621 795 759 867 φρατριῶν
766 791 867 848 &nouv-

103 879 227 950 ροῦσθαι
241 873 264 932 δ’
280 877 330 933 ὑπὸ
348 879 396 931 τῶν
409 880 589 950 ἐξηγουμένων
601 878 635 931 τά
648 880 714 932 θεῖα
733 877 778 933 διοί
794 899 866 950 μαν-

103 966 184 1033 ταιῆς.

167 1043 275 1105 XXIII.
306 1047 401 1102 Ταῦτα
415 1047 475 1122 περὶ
501 1050 551 1104 τῶν
575 1049 781 1120 θρησκευόντων
806 1047 867 1110 τούς

103 1133 186 1195 θεοὺς
199 1133 440 1203 καταστησάμενος,
456 1123 542 1205 διῄρει
554 1132 643 1200 πάλιν,
664 1131 698 1197 ὧς
715 1131 789 1203 ἔφην,
810 1127 867 1188 κατ’

81 1277 83 1282 .
103 1217 303 1286 ἐπιτηδειότητα
317 1221 375 1282 ταῖς
387 1218 521 1292 φράτραις
533 1219 567 1272 τά
581 1212 645 1290 ίερνὶ,
656 1218 737 1282 θεοὺς
743 1214 867 1272 άποδειν·

104 1305 151 1366 νίς
164 1304 287 1366 ἑκάσταις
300 1301 346 1356 καί
360 1301 497 1372 δαίμονας,
513 1296 560 1364 οὓς
572 1301 677 1373 ἔμελλον
698 1299 740 1357 άεί
766 1303 866 1374 σέβειν·

105 1388 150 1442 καί
164 1390 209 1451 τιίς
222 1383 258 1450 είς
270 1389 304 1440 τιί
317 1385 374 1460 ίεριὶ
389 1386 510 1451 δαπάνας
523 1386 617 1453 ἔταξεν,
633 1381 664 1450 τίς
676 1388 755 1460 ε’χρῆν
774 1383 868 1452 αὐτοῖς

104 1477 132 1527 ἐκ
147 1473 196 1527 τοῦ
210 1471 344 1542 δημοσίου
359 1471 499 1526 δίδοσθαι.
522 1473 659 1527 συνέθυόν
672 1493 698 1525 τε
712 1474 767 1533 τοῖς
785 1469 864 1547 ἱεροῖο

105 1576 148 1613 σιν
161 1555 190 1610 αἶ
203 1557 321 1631 φράτραι
335 1558 371 1621 είς
383 1559 430 1618 τάς
448 1553 680 1630 άπομερισθείσας
696 1551 790 1622 αὐτοῖς
809 1559 869 1612 θυ-

105 1642 171 1707 σίας,
187 1642 233 1697 ναί
248 1643 433 1696 συνειστιῶντο
446 1636 515 1696 κατά
530 1642 575 1704 τὰς
588 1637 682 1709 ἑορτάς
695 1639 868 1717 ἐπίτῆςφρα-

105 1730 213 1800 τριακῆς
238 1727 338 1791 ἑστίας·
363 1727 528 1800 ἑστιατόριον
547 1720 600 1801 γάρ
614 1713 647 1792 ἦν
662 1729 868 1798 ναιεσιιευασμὲ·

105 1833 151 1866 νον
166 1812 262 1884 ἑκάστῃ
276 1812 399 1885 φράτρᾳ·
421 1808 467 1864 καί
493 1811 544 1866 σὺν
563 1807 635 1883 αὐτῷ
649 1811 808 1866 καθωσίωτό
822 1833 867 1878 τις,

105 1892 192 1968 ὥσπερ
207 1899 234 1950 όν
247 1899 302 1957 τοῖς
313 1891 475 1963 Ἑλληνικοῖς
487 1895 668 1969 πρυτανείοις,
697 1896 772 1951 ἑστία
791 1899 868 1963 κοινή

107 1983 158 2034 τῶν
172 1983 316 2054 φρατριῶν.
342 1979 428 2052 ὄνομα
443 1980 472 2035 δὲ
485 1984 540 2042 τοῖς
553 1981 727 2054 ἑστιατορίοις
740 1969 781 2048 ίχν,
803 1977 869 2053 ὅπερ

108 2069 164 2125 ταῖς
175 2065 319 2140 φράτραις,
345 2066 475 2138 Κουρίαι,
491 2064 535 2120 καί
548 2068 637 2139 μέχρις
649 2061 722 2138 ἡμῶν
738 2061 808 2121 οὕτω
822 2087 868 2120 ιια·

107 2151 225 2205 λοῦνται,
251 2153 331 2203 τοῦτο
345 2151 375 2204 τό
390 2152 537 2224 πολίτευμα
558 2150 630 2206 δοκεῖ
653 2172 702 2223 μοι
724 2151 815 2223 λαβεῖν
840 2159 868 2205 εἰι

107 2238 152 2303 τῆς
164 2233 386 2307 Λακεδαιμονίων
407 2231 511 2308 οίχωχῆς
538 2236 598 2311 περί
621 2237 655 2290 τοί
680 2236 785 2306 φιίίτια
810 2230 867 2289 κατ’

106 2323 206 2375 ἐκεῖνον
231 2321 278 2374 τόν
291 2321 388 2393 χρόνον
402 2321 640 2394 ἐπιχωριαζούσης·
658 2314 691 2388 ἢν
709 2322 868 2394 Λυκοῦργος

108 2400 307 2474 είαηγήσασθαι
322 2404 396 2460 δοκεῖ
409 2404 714 2479 παράΚρηιῶνμαθὼν,
729 2405 774 2461 καί
786 2406 869 2479 μεγά-

108 2487 139 2540 λα
154 2488 200 2553 τήν
213 2490 292 2544 πόλιν
303 2485 452 2560 ὠφελῆσαι·
477 2493 505 2545 ἐν
517 2485 605 2564 εἰρήνῃ
618 2491 674 2562 μὲν,
690 2488 725 2554 είς
737 2487 867 2547 εὔτέλειαν

102 2572 213 2642 τίνα’χων
225 2571 289 2644 τρδς
295 2575 385 2648 βίους,
400 2575 446 2632 καί
460 2573 637 2651 σωφροσύνην
651 2577 698 2645 τῆς
717 2569 782 2631 καθ’
800 2571 867 2650 ἤρε’-

51 2748 124 2818 Ε.
