1890 2970
33 2714 39 2791 ί

100 120 149 177 ¹92
217 109 378 167 momsu
394 106 739 165 RALICARNASSENSIS

99 243 142 280 νοι
156 223 209 279 τῶν
224 221 330 297 νεκρῶν,
346 219 392 277 καί
405 220 469 286 τούς
486 220 650 291 κεκμηκότας
668 215 721 275 ύπύ
741 222 861 325 τραυμά-

98 327 149 363 των
162 304 392 381 ἆνακτησοίμενοι,
408 306 559 409 ύυνιίμιις
557 325 585 359 τε
611 305 862 409 παρασκευάσαντες

98 388 188 461 ἄλλας,
201 391 294 460 ἐπειδὴ
308 387 444 454 ἔδοξεν
409 394 501 455 αυτοῖς
524 379 632 454 αύθις’
622 391 714 467 ετίραν
739 391 863 463 συνάψαι

98 479 193 550 μάχην,
207 475 244 542 εἷς
257 478 287 532 τύ
301 471 420 532 αύτύ
384 499 419 550 τῳ
440 477 564 575 προτέρῳ
567 476 657 576 χωρίῳ
675 476 860 540 συνελθόντες,

97 559 160 635 ύχρι
174 564 268 627 νυκτὸς
280 564 426 633 ἐμάχοντο,
453 566 481 618 ἐν
494 556 564 634 αύτῇ
582 560 616 633 τῇ
633 561 706 635 μύχῃ
724 553 861 634 Ῥωμαίων

98 645 261 720 ἀμφοτέροις
273 647 486 719 ἐπικρατούντων
500 648 555 707 τοῖς
568 646 684 718 κέρασιν.
711 639 762 714 εἶχε
777 644 861 701 ύετοῗι

99 732 186 797 ύεξιού
200 733 248 801 τὴν
259 729 407 805 ἡγεμονίαν
420 727 504 795 αύτύς
517 725 688 802 ύῬωμύλος·
703 729 786 786 τούύὲ
800 728 861 804 ἄρι-

99 817 205 892 στερού,
218 817 383 891 Λοκόμωνύ
399 817 552 891 Τυῤῥηνός·
566 820 614 871 τοῖ·
611 814 659 869 ·ύὲ
671 817 755 886 με’σου
775 815 859 886 μηδὲ·

98 924 141 958 πω
153 903 241 1001 κρίσιν
254 901 368 971 ἔχοντος,
383 923 398 957 ο
390 901 531 963 κωλυσας
544 901 592 968 τήν
605 898 642 959 τίς
654 903 774 965 τέλος”
740 922 792 956 ταν
805 909 862 957 Σα-

98 988 180 1059 βίνων
206 972 297 1055 ἧτταν,
325 987 371 1042 καί
384 983 420 1050 τίς
432 984 567 1074 ἀντίπαλα
589 986 757 1055 καταστήσας
776 972 860 1051 αὖθις

99 1093 133 1126 τα
126 1072 287 1143 λειπόμενα
302 1075 358 1135 τοῖς
371 1073 487 1138 νικῶσιν,
502 1065 538 1134 εἷς
552 1067 620 1142 οἷνήρ
642 1074 744 1143 ἐγένετο
759 1073 861 1137 Minoe

99 1154 264 1258 Κούρτιος”
247 1177 342 1229 ονομα,
356 1155 448 1229 ῥύμην
461 1177 488 1211 τε
502 1155 625 1228 σώματος
637 1151 860 1233 κολύςιίνὴρ,καί

98 1242 169 1295 κατιὶ
179 1243 257 1314 χεῖρα
267 1245 400 1313 γενναῖος,
413 1237 564 1314 μοίλισταιί
571 1239 615 1295 ἐπι
621 1261 656 1296 τω
642 1239 859 1314 μηύεναοκνειν

99 1323 254 1393 κίνύυνονῆ
270 1328 360 1401 φόβον
378 1322 536 1399 εύύοκιμῶν.
563 1312 644 1389 οὗτος
663 1322 847 1429 ὄιετρίχθη
810 1349 860 1400 μεν

98 1407 275 1484 ἡγεῖσθαι
241 1432 292 1466 των
304 1412 374 1467 κατιὶ
385 1414 470 1484 μέσην
483 1408 725 1486 ἅγωνιζομένων“
695 1433 743 1480 την
754 1415 860 1488 φοίλαγ·

97 1516 143 1569 γα,
157 1495 203 1552 καί
215 1497 277 1563 τούς
298 1494 534 1569 ἀντιτεταγμένους
547 1499 638 1553 ἐνίκα·
664 1497 811 1570 βουληθείς
831 1497 859 1552 66

98 1580 190 1637 καὶτὰ
215 1582 313 1656 κέρατα
333 1584 384 1637 τῶν
409 1582 537 1653 Σαβίνων
560 1585 723 1653 μοχθοῦντα
742 1578 792 1652 ἤδη
813 1579 859 1638 καί

98 1666 268 1738 ἐξωθούμενα
282 1664 318 1731 εἷς
336 1669 368 1722 τύ
385 1667 445 1722 ἴσον
458 1670 638 1734 καταστῆναι,
657 1668 858 1742 παρακελευσά-

98 1770 175 1822 μενος
186 1755 244 1814 τοίς
257 1747 326 1825 ἄμφ’
346 1751 439 1818 αύτόν,
457 1751 549 1807 ε’ύίωκε
567 1752 630 1816 τούς
643 1754 792 1828 φεύγοντας
807 1755 859 1808 τῶν

99 1836 233 1908 πολεμίων
249 1837 470 1910 ἐσκεδασμένους,
489 1834 536 1890 καί
549 1838 626 1912 μέχρι
644 1839 798 1895 τῶνπυλῶν
810 1833 858 1894 αύ-

99 1918 161 1983 τούς
179 1914 333 1986 ἤλασεν·”
313 1943 379 1978 ωστε
392 1918 556 1995 ἠναγκάσθη
579 1921 732 1978 καταλιπὼν
749 1919 857 1995 ἡμιτελῆ

98 2004 147 2071 τὴν
161 2004 236 2072 νίκην
255 2003 271 2057 6
289 2000 455 2079 Ῥωμύλος’
442 2008 601 2110 επιστρὲψριι
621 2027 648 2061 τε
661 2028 708 2062 και
698 2006 807 2064 ἐπι
775 2030 809 2064 τα
822 2028 859 2063 τι·

98 2090 184 2143 κῶντα
198 2091 249 2143 τῶν
261 2093 393 2163 πολεμίων
404 2087 533 2146 ὤσασθαι
545 2094 620 2165 με’ρη.
640 2094 671 2145 τύ
682 2094 732 2165 μὲν
744 2092 777 2163 ύὴ
790 2095 859 2164 κοίμ-

99 2194 146 2229 νον
159 2175 210 2228 τῶν
224 2175 395 2246 Σαβίνων’
362 2197 448 2249 μερος,
464 2181 492 2231 ἐν
506 2198 540 2248 τω
555 2179 603 2231 ίσω
617 2166 728 2232 πάλιν
712 2199 759 2245 ην,
779 2175 859 2234 απελ-

98 2258 249 2327 θούσης
217 2280 263 2329 της
275 2264 342 2332 μετιί
352 2256 490 2332 Ῥωμύλου
504 2231 654 2331 ὄύνοίμεως·
668 2283 683 2317 ο
674 2261 725 2317 ‘66
736 2262 858 2328 κίνδυνος

97 2339 170 2409 ἅπας
182 2366 241 2420 περι
232 2345 302 2402 τὸν
315 2345 453 2420 Κούρτιον
467 2343 513 2447 κατί
526 2346 589 2408 τούς
601 2346 651 2402 σύν
666 2349 756 2402 ίκείνει
767 2351 859 2411 νικῶν·

96 2450 143 2493 τας
156 2432 279 2504 εγτγύνει.
303 2432 446 2504 χρόνον
414 2452 463 2502 μεν
475 2418 525 2486 σύν
539 2451 599 2487 τινα
612 2452 639 2486 οι
630 2429 772 2506 ’Σαβῖνοι
785 2433 858 2495 6236-

97 2534 172 2580 μενοι
185 2515 246 2577 τούς
253 2510 409 2586 Ῥωμαίους,
423 2517 548 2589 λαμπρῶς
560 2514 742 2588 ἠγωνίσαντο
766 2539 857 2574 εκειτο

80 2593 249 2654 πολίων”
201 2621 237 2655 επ
260 2594 366 2668 αύτούς
377 2604 540 2674 συνιόντων,
560 2603 693 2662 ἐνέκλινάν
706 2622 735 2657 τε
747 2623 794 2656 και
776 2601 863 2657 66-
