1890 2970
100 108 135 166 24
228 98 386 154 οιοστεττ
402 95 748 156 υκττσκτωκεετυετε
821 122 825 139 -·

99 212 174 268 πέντι
192 209 258 285 πρός
281 209 336 271 τολς
349 207 433 263 εἴκοσι
453 205 571 272 σταδίοις
595 203 717 279 έφεστίις
737 203 855 278 Ῥεότου,

98 296 196 359 πόλεως
214 292 370 366 οἰκουμένης
390 289 442 347 ὖπδ
454 286 589 365 Ῥωμαίων
611 291 650 350 fu
675 291 720 349 καί
746 289 783 358 είς
802 294 855 368 ίμέ,

98 379 228 444 Κοίντίας
250 377 318 434 δδοῖι
331 378 453 447 πλησίον.
480 373 496 446 ἦ
519 372 647 452 ’Τριβόλα
661 376 690 432 δέ
710 374 781 451 ἆμφί
794 380 856 447 τοῦς

98 465 227 534 ἑξήκοντα
240 462 368 527 σταδίους
379 464 425 530 τῆς
438 456 520 530 αὗτῆς
533 464 633 526 πόλεως
645 460 797 534 ἀφεστῶσα,
812 464 856 521 λό-

97 570 151 621 φον
165 551 349 622 ἐπικαθημένη
364 546 522 619 σέμμετρον.
559 541 699 621 Οδεσβόλσ
714 546 742 602 δέ
755 550 786 604 τό
801 544 848 604 αὖ·

97 637 127 691 τό
142 634 275 707 διόστημα
293 636 338 701 τῆς
355 633 487 706 Τριβόλας
506 628 653 702 οἷπέχουυα,
676 633 729 688 τῶν
746 642 856 709 Κεραυ-

97 722 160 775 νίων
173 715 242 791 δρῶν
268 717 390 787 πλησίον.
415 712 470 772 οἷπό
485 714 513 770 δέ
536 716 634 786 ταδτης
659 721 855 793 τετταράκοντα

97 801 216 868 σταδίοις
236 802 378 878 διηρημέτη
399 801 476 865 πόλις
494 802 627 873 ἐπιφανὴς
648 801 753 872 Σοένη,
786 803 856 860 ἔνθα

96 888 158 953 νεὼς
183 883 379 963 ποίνυιίρχαῖός
403 889 476 942 έστιν
497 880 596 959 Ἄρεως.
623 888 749 958 Μηφίλα
776 887 804 943 δέ
824 888 858 954 ὥς

97 975 237 1049 τριάκοντα
250 971 370 1034 σταδίοις
393 964 503 1026 ἄποθεν
515 974 561 1040 τῆς
575 969 695 1041 Σοένης·
723 970 856 1030 δείκνυται

98 1059 126 1114 δέ
140 1053 220 1127 σέτῆς
232 1058 335 1131 έρείπιοί
348 1076 375 1111 τε
389 1054 435 1111 καὶ
446 1057 547 1124 τείχους
566 1057 634 1126 λ’χνη.
660 1057 856 1132 τετταράκοντα

98 1145 126 1200 δέ
140 1141 267 1206 σταδίους
279 1140 415 1210 ἀπέχουσα
430 1139 566 1212 Μηφίλης
584 1136 743 1215 Ὀρουΐνιον,
768 1139 792 1197 εί
812 1144 858 1198 καί

75 1297 80 1302 ,
98 1250 137 1293 τις
149 1223 214 1297 έίλλη
228 1229 279 1282 τῶν
292 1222 394 1282 αῦτόθι
407 1226 516 1293 πόλεων,
542 1227 675 1298 ἐπιφανής
688 1225 734 1282 καί
746 1229 856 1301 μεχοίλη.

100 1315 177 1384 δῆλοι
201 1314 254 1387 γοίρ
268 1308 335 1368 εἶσιν
349 1307 430 1378 αὐτῆς
457 1310 523 1366 οἵτε
549 1312 671 1385 θεμέλιοι
691 1313 743 1367 τῶν
756 1315 854 1382 τειχῶν,

100 1397 145 1453 καί
158 1399 242 1469 τάφοι
255 1397 323 1460 τινές
336 1392 550 1470 όρχαιοπρεπείς,
566 1396 612 1451 καί
630 1395 816 1472 πολυανδρίων
829 1402 857 1454 έν

99 1482 212 1556 ὕψηλοίς
227 1484 333 1552 χώμασι
351 1481 539 1552 μηκυνομένων
557 1482 710 1554 περίβολοι·
723 1481 792 1538 ἔνθα
813 1481 858 1539 καὶ

99 1568 161 1632 νεώς
172 1571 244 1623 ίστιν
254 1561 370 1635 Ἀθηνᾶς
383 1561 502 1637 οἷρχαῖος,
517 1562 706 1636 ἶδρυμένοςέπί
713 1570 758 1636 τῆς
765 1561 855 1640 ἄκρας.

100 1651 154 1708 οἷπδ
169 1653 198 1709 δέ
211 1650 327 1707 σταδίων
341 1645 506 1722 ὀγδοήκοντα
516 1645 634 1715 Ῥεοίτου,
661 1653 719 1715 τοίς
745 1648 859 1709 εἰσιοῦσι

100 1738 145 1791 διιέ
158 1739 203 1806 τῆς
213 1731 327 1808 ’Ῑουρίας
340 1732 406 1788 ὁδοῦ
420 1736 494 1809 πυροί
507 1737 634 1808 Κόρητον
647 1733 709 1811 ὄρος
734 1739 856 1810 Κορσοέι·

100 1825 131 1875 λα
145 1817 237 1876 νεωστὶ
252 1819 444 1890 διεφθαρμένη.
461 1819 594 1875 δείκνυται
610 1818 638 1876 δέ
651 1842 690 1883 τις
703 1819 748 1875 καὶ
769 1823 855 1889 νῆσος,

97 1903 171 1961 Ἴσσα
185 1899 254 1977 αὐτῇ
268 1902 364 1974 ὄνομα,
379 1904 456 1976 λίμνῃ
470 1903 641 1978 περίρρυτος·
656 1898 676 1972 ἢ
678 1924 691 1957 ν
701 1905 782 1976 χωρίς
793 1905 858 1982 έρέι-

99 2010 182 2063 ματος
196 1989 310 2058 ποιητοῦ
331 1990 489 2057 κατοικῆσαι
508 1991 637 2060 λέγονται,
666 1993 724 2053 τοῖς
748 1993 858 2064 τέλμασι

99 2077 145 2145 τῆς
158 2074 256 2146 λίμνης,
271 2073 360 2128 ὁπόσα
371 2071 474 2140 τείχεσι,
486 2074 622 2147 χρώμενοι.
643 2074 757 2143 πλησίον
771 2074 799 2130 δι’
813 2079 858 2146 τῆς

96 2155 184 2228 Ἴσσης
197 2155 355 2232 Μαροέιῖον,
379 2157 423 2212 ἐπί
437 2157 472 2230 τῷ
485 2159 561 2233 μυχῷ
585 2163 631 2228 τῆς
657 2154 740 2230 αὐτῆς
764 2161 857 2234 λίμνης

100 2245 211 2317 κειμένη,
225 2243 418 2316 τετταράκοντα
438 2244 564 2308 σταδίους
583 2241 722 2311 όπέχουσα
745 2247 797 2299 τῶν
811 2267 858 2301 κα·

99 2330 232 2401 λουμένων
243 2325 327 2384 Ἑπτὰ
339 2325 452 2382 έδοίτων.
467 2325 521 2383 οίπό
536 2327 565 2383 δέ
580 2324 691 2384 Ῥιοίτου
709 2330 791 2385 ποίλιν
809 2332 857 2400 τὴν

99 2416 143 2470 έπλ
154 2415 274 2482 Λατίνην
288 2412 353 2468 έδδν
366 2409 462 2478 ίοῖισιν,
477 2407 493 2481 ἦ
507 2413 597 2468 Βατία
609 2414 658 2485 μέν
666 2411 721 2470 ιίττό
734 2416 858 2489 τριοίκον·

100 2521 132 2555 τα
147 2499 276 2555 σταδίων·
306 2496 395 2571 Τιώρα
409 2496 439 2551 δέ
457 2495 512 2552 ἅπδ
532 2500 699 2572 τριακοσίων,
716 2493 732 2567 ἦ
759 2503 857 2556 καλου-

80 2585 155 2649 μίγη
168 2579 307 2654 Mandra.
326 2585 358 2639 όν
372 2581 458 2659 τσδτη
468 2581 497 2640 δέ
512 2580 863 2660 λέγεταιχρηστέηριουἊρε-
