1890 2970
190 132 742 210 Anw10v1mvunom.1,m.1n.
798 141 849 203 ηε

89 243 188 316 ,,οελδὲε
206 240 253 320 ὕφ’
271 243 346 322 ἡμῶν
358 248 507 315 παθόντες,
535 244 633 322 άχαθά
652 249 681 304 δί
698 250 784 305 πολλά
802 250 848 305 καί

87 334 211 402 ,,μεχάλα
246 328 357 390 ἄποικοι
370 332 418 406 μίν
435 333 489 407 χάρ
507 325 595 388 αιῖτῶν
608 330 695 399 ὅντες,-
711 329 789 389 οίδίν
802 336 848 403 τῆς

87 415 210 486 ,,τοίιτων
225 415 307 492 ἀρχῆς
319 418 551 491 παρασπάσαντες,
567 414 640 473 ῖδίαν
653 413 730 487 ἲσχδν
743 418 788 474 καί
802 416 848 472 δίι-

86 523 188 574 ,,εαμεν
202 499 258 558 άπδ
270 497 322 558 τίεν
336 499 541 573 ῖδίωνπολίμοιν
553 503 741 575 ἐκτησάμεθα·
755 500 847 559 λθνεσι

86 587 136 654 ,,δί
144 586 284 660 ’μεγίστοις
296 586 342 642 καί
356 589 581 661 πολεμικωτάτοις
587 584 792 656 ἐπιτειχίσαντες
798 589 846 655 τήν

85 667 180 743 ,,ἧμίίν
193 667 280 727 αὐτῶν
290 673 371 728 πάλιν
377 673 500 742 ,πολλὴν
517 669 668 744 οῖσφσίλεεαν
679 671 784 735 τοίεοις
797 673 849 729 του
862 704 865 710 ·

86 776 135 824 ,,τε
150 753 206 811 άπδ
222 757 366 856 Τυρρηνῶν
386 755 432 812 καί
442 756 496 813 άπὸ
485 758 636 858 Σαβίνου
649 760 787 830 πολέμου
777 776 846 832 παρ·

86 842 263 913 ,,ειχάμεθα·’
266 829 298 919 ἧς
312 841 344 910 δὴ
357 845 456 905 πόλεως
468 861 534 897 ευτε
547 842 725 918 πραττοίεσης,
738 843 853 899 πάντων·

86 926 224 998 ,,μάλιστα
240 912 347 1001 χαίρειν
373 922 472 992 αὕτοάς
498 925 565 982 ἔδει·
591 927 638 983 καί
662 929 847 1000 σφαλλομίνης

86 1010 188 1085 ,μηδὲν
202 1009 397 1087 ίνδεέστερον”
381 1033 397 1080 η
410 1012 471 1087 περί
489 1014 535 1080 τῆς
555 1008 644 1068 αὗτῶν
656 1008 847 1082 ελχθεσθαι.“
820 1033 848 1068 οι
891 1012 895 1030 “

85 1095 135 1163 ,,δέ
148 1090 204 1168 σ’ίρα
224 1098 394 1166 φθονοῖντες
411 1091 460 1165 οὐχ
472 1091 538 1166 ἡμῖν
556 1099 640 1170 μόνον
656 1099 709 1152 τῶν
722 1095 845 1172 άμαθῶν,

85 1179 173 1250 σῖ,,λλά
187 1179 233 1235 καὶ
245 1184 350 1246 ἑαυτοῖς
362 1185 408 1251 τῆς
422 1177 455 1235 δι’
476 1176 544 1254 ἡμᾶς
563 1176 686 1250 εῧευχίας
705 1180 844 1248 διετέλουν,

85 1286 153 1335 ,,και
143 1264 380 1331 τελευτῶντεςάις
405 1261 454 1321 οῦκ
472 1264 510 1320 ἔτι
528 1268 645 1335 καιίχειν
664 1266 714 1335 τὴν
726 1263 846 1322 ὕπουλον

85 1350 209 1423 ,,ῖχθραν
223 1349 361 1417 ἐδύναντο,
375 1344 519 1423 πόλεμον
504 1353 572 1423 ημῖν
585 1354 722 1426 προεῖπον.
736 1353 846 1422 μαθόν-

84 1456 148 1502 ,,τες
161 1431 214 1490 δὲ
199 1437 269 1507 ημᾶς
280 1423 309 1490 εδ
323 1436 389 1505 πρὸς
403 1431 482 1490 κάκ’
463 1437 554 1508 αμῶνα
566 1437 842 1511 παρεσκευασμένους,

86 1518 141 1586 ,,οῖς
154 1513 279 1576 οὖθεν“
252 1515 331 1576 οιοίά
345 1540 415 1588 ησαν
428 1516 497 1590 ἡμᾶς
509 1523 684 1594 ίρχάοαοθαι
697 1522 795 1588 κακὸν,
810 1519 846 1587 εἷς

82 1605 251 1710 ,,διαλλαχάς
273 1606 385 1661 ἐκάλουν
410 1602 456 1659 καί
480 1605 586 1676 φιλίαν,
611 1627 656 1661 και
646 1606 704 1659 τί
725 1604 845 1681 περὶτῆς

82 1685 246 1763 ,,ῆχεμονίας
271 1693 357 1755 νεῖκος
381 1693 409 1745 ίν
422 1687 553 1765 τρισίν
535 1710 575 1760 αφ
597 1692 721 1763 ἑκατέρας
747 1692 845 1754 πόλεως

82 1775 224 1847 ,,σώμασιν
237 1771 329 1843 ἠξίουν
350 1777 488 1851 κριθῆναι.
517 1774 667 1848 ἐδεξάμεθα
686 1773 732 1829 καί
745 1772 844 1839 ταδἐσς

81 1860 149 1927 ,,τάς
158 1860 322 1934 προκλήσεις,
339 1859 385 1916 καὶ
398 1860 551 1929 νικήσαντες
563 1859 596 1934 τῇ
608 1861 689 1934 μάχῃ,
704 1860 753 1928 τὴν
766 1861 843 1915 πάλιν

81 1938 190 2011 ,,αεῖτιῖεν
204 1943 313 2016 ἔσχομεν
328 1942 490 2021 ῖποχείριον.
521 1946 585 2020 φέρε
599 1944 668 2014 δητί
677 1947 745 2016 μετά
758 1944 843 2000 εαῖετα

82 2028 282 2100 ,,ίποιίμεομιν,Ι
307 2031 363 2098 ἐξὸν
388 2025 452 2102 ἡμῖν
473 2025 559 2104 ὅμηρά
571 2049 599 2085 τε
625 2025 715 2086 αὕτοῖν
740 2029 841 2103 λαβεῖν,

84 2111 155 2182 ,,ιιαί
167 2117 291 2188 φρουράν
301 2118 330 2170 ίν
342 2115 375 2188 τῇ
388 2115 464 2170 πόλει
477 2117 644 2181 καταλιπεῖν,
658 2114 704 2170 καί
716 2115 779 2177 τούς
791 2134 842 2169 κο·

82 2241 100 2268 ,,
92 2200 305 2275 ,ρυφαιοτάεους
319 2201 370 2254 τῶν
383 2197 582 2269 διαστησάντων
596 2203 643 2264 τάς
669 2201 757 2258 πόλεις
780 2197 842 2261 τοὺς

83 2284 151 2359 ,μὲν
164 2281 273 2353 άνελεῖν,
288 2285 351 2365 τσδς
364 2284 393 2340 δε
406 2285 536 2357 ἐκβαλεῖν,
556 2283 689 2347 πολιτείας
708 2304 734 2338 τε
753 2277 842 2336 αὔτῶν

82 2357 516 2446 ,,κάσμονμεταστῆσαιπρδςτδ’
500 2371 565 2441 ημῖν
577 2369 721 2442 συμφίρον,
736 2363 841 2438 καλχαί-

83 2495 101 2523 ,,
104 2474 152 2529 ρας
158 2453 351 2560 καιχρηματοιν
358 2451 508 2528 αποδασμω
516 2453 650 2531 ζημιῶσαι,
653 2473 707 2520 και,
689 2445 840 2507 δπάντοιν

84 2529 237 2616 ραστον
221 2561 263 2610 ην
278 2532 660 2612 αφελὲσθαιτάὸιελααελτοιῖς,
676 2521 841 2613 ίξοῖνλχκρει·

83 2626 229 2700 ,,·τεστίραν
246 2646 281 2681 αν
303 2627 352 2696 τήν
370 2621 455 2700 άρχήν
479 2625 719 2698 κατεστησάμεθα·
742 2619 841 2679 minen
