1890 2970
195 118 480 189 Αωτιοτιτκπνττ
495 124 631 179 ROMAN.
649 130 715 181 ιιι.
725 131 746 182 1.
815 142 865 195 113

89 232 186 308 ἔμελλε,
201 251 250 286 και
240 228 295 283 τύ
322 229 368 297 τῆς
393 226 482 303 ὄφεως
492 230 628 307 γνώριμον
653 232 689 299 είς
709 233 814 310 ἀσαφὲς
826 239 861 306 ὦς

88 320 207 393 μάλιστα
220 311 341 384 ἠδύνατο
366 317 556 372 καθιστάντα
583 336 610 374 οι
600 316 652 373 δι’
670 323 790 378 πλεῖστοι
802 344 861 426 μμ-

88 401 246 475 θολογοῦοι
259 418 309 455 τον
293 398 454 472 ”δαίμονος
467 401 586 468 ιῖδ,ωλον
612 423 645 456 ου
632 389 690 457 τό
701 407 801 479 χωρίον
814 396 856 476 ἦν,

89 489 179 545 πολλοί
193 508 238 543 και
230 480 319 540 ἀλλα
333 506 370 562 τω
357 486 472 542 πάθει
486 485 650 560 δαιμόνια”
635 508 715 561 εργα,
741 485 819 558 ἡλίου
832 514 858 547 τι

88 571 256 647 ἀφανισμόν,
271 592 318 626 και
307 568 415 642 ζόφον
421 566 495 628 ίν
461 591 568 646 ουρανιμ
557 570 810 642 κατασχόντος·”
793 592 858 646 οιγιν

90 657 128 725 δι’,
143 653 177 726 66
191 657 237 713 καί
251 656 281 711 τύ
296 654 405 712 εἴδωλον
420 650 479 726 εἶχε,
491 657 720 733 θαυμασιωτέραν
732 660 827 732 μακροῦ
839 658 855 725 6

89 765 161 801 κατα
154 745 291 818 μέγεθος
304 762 351 797 και
340 740 457 805 κάλλος
472 739 635 814 ἀνθρώπων.
649 741 722 814 φασί
733 762 761 805 τι
773 740 858 799 εἰπεῖν

89 851 122 903 τη
110 829 205 928 ’κόρη
218 827 431 902 παρηγοροῦντα
442 828 489 895 τὴν
502 825 590 896 λύπην
602 826 649 882 τόν
674 826 856 900 βιασόμενον·

89 918 116 979 ἐξ
131 933 164 970 οι
151 901 306 987 γενέσθαι
320 906 432 1013 δῆλον
414 932 458 967 οτι
470 899 565 976 θεός
549 931 595 967 νιν·
613 909 697 985 μηδὲν
715 905 858 978 ἄχθεσθαι

90 1020 126 1073 τιμ
114 998 237 1055 ”ποίθει.
250 998 282 1052 τό
295 997 351 1071 γάρ
364 995 518 1070 κοινώνημα
537 998 589 1052 τῶν
590 997 703 1102 76666
723 991 793 1069 αύτῇ
812 1017 857 1070 γε-

88 1054 198 1159 γόνὲναι
211 1083 279 1155 πρὸς
293 1083 341 1137 τὸν
360 1082 546 1155 ἐμβατεύοντα
566 1081 602 1155 τῷ
616 1082 704 1156 χωρίῳ
726 1080 858 1161 δαίμονα·

94 1171 218 1232 τέξεσθαι
233 1163 256 1221 δ’
273 1161 358 1234 αύιην
371 1169 399 1221 ἐκ
413 1167 462 1222 τοῦ
476 1168 597 1241 βιασμοῦ
618 1165 668 1221 δύο
689 1165 796 1232 παῖδας,
812 1162 858 1222 ἀν·

94 1255 214 1328 θρώπων
225 1250 320 1327 μακροῦ
333 1253 493 1324 κρατίστους
506 1248 603 1327 ἀρετὴν
614 1252 684 1305 κατά
692 1253 725 1306 τά
735 1243 859 1323 πολέμια.

96 1341 182 1394 ταῦτα
197 1337 225 1393 66
238 1333 393 1391 ιῖιιόνια’
364 1357 437 1406 νεφει
452 1338 703 1437 περικαλυφθῆναι,
731 1335 778 1391 καὶ
804 1333 859 1391 ἀπὸ

94 1445 143 1524 γης
156 1419 277 1496 αρθενια
295 1421 430 1494 φέρεσθαι
459 1416 491 1476 δι’
520 1418 598 1494 ἀέρος
623 1413 688 1475 ἀνω.
716 1414 786 1482 ὅπως
811 1419 932 1495 μίΝ

95 1495 145 1562 ούν
153 1508 205 1610 χρὴ
220 1504 281 1580 περί
296 1507 347 1561 τῶν
361 1506 469 1562 τοιῶνδε
481 1505 583 1576 δόξης”
569 1525 643 1576 εγειν,
657 1505 861 1578 πόνερονκατα-

95 1596 206 1694 φρονεῖν
232 1589 266 1658 ὦς
284 1588 464 1692 ἀνθρωπίνων
491 1592 696 1665 διοοργημάτων
722 1587 757 1652 είς
778 1589 861 1653 θεούς

95 1676 312 1753 ἀναφερομένων,
325 1674 441 1750 μηδὲν“
423 1700 457 1733 αν
467 1698 516 1733 του
501 1678 600 1732 ”θεοῦ
622 1672 846 1748 λειτούργημα
815 1696 861 1746 της

95 1760 245 1837 ἀφθάρτου
258 1761 305 1819 καί
316 1764 452 1838 μακαρίας
463 1762 565 1834 φύσεως
584 1759 693 1826 ἀνάξιον
708 1757 859 1834 ύπομένον-

95 1869 154 1914 τος·
168 1846 185 1919 6
198 1846 243 1904 καί
258 1846 359 1910 ταύτας
378 1847 583 1922 παραδέχεσθαι
599 1848 646 1912 τάς
664 1844 797 1922 ἱστορίας,
827 1847 860 1912 ὡς

96 1932 312 2008 ἀνακεκραμένης
325 1935 371 2002 τῆς
384 1930 492 2002 ἀπάσης
506 1928 599 1999 οὐσίας
615 1932 665 1988 τοῦ
685 1932 798 2004 κόσμον,
813 1932 860 1988 καί

94 2019 192 2093 μεταξύ
206 2019 254 2073 τοῦ
268 2018 351 2074 θείου
364 2018 410 2074 καί
423 2019 471 2073 τοῦ
485 2019 592 2088 θνητοῦ
604 2020 698 2091 γίνονς
718 2016 859 2093 ὑπαρχού-

95 2125 144 2173 σης
163 2102 283 2174 φύσεως,
310 2097 343 2169 66
365 2105 394 2157 τδ
422 2101 556 2173 δαιμόνων
577 2104 664 2174 φῦλον
683 2104 785 2172 ίπὲγει,
798 2105 858 2159 τοτὲ

96 2190 146 2265 μὲν
160 2185 326 2264 ἀνθρώποις,
341 2188 401 2244 τοτὲ
411 2187 440 2243 δι’
453 2191 531 2251 θεοῖς
543 2187 759 2261 ἐπιμιγνύμενον,
774 2183 859 2263 ἡρῶον

98 2276 184 2377 φῦναι
196 2276 281 2349 γένος,
298 2267 360 2329 οὔτε
372 2275 465 2347 καιρός
477 2275 505 2327 ἐν
518 2272 554 2377 τρῖ
566 2273 680 2372 πριρόντι
694 2271 858 2339 διασκοπεῖν,

98 2357 177 2462 ἀρκεῖ
201 2379 229 2415 τι
248 2356 284 2422 ὥς
301 2360 462 2430 φιλοσόφοις
481 2356 541 2432 περί
561 2353 649 2412 αὐτῶν
669 2353 808 2425 6666‘
792 2380 809 2427 η
830 2353 858 2412 δ’

98 2443 150 2501 οῦν
163 2445 229 2546 κόρη
243 2464 312 2517 μιτα
304 2445 371 2498 τόν
388 2443 507 2516 βιασμόν
520 2440 672 2547 ἀρριμστείν
686 2443 859 2519 σκηψαμένη·

98 2523 332 2626 ιιρῖιιιγᾰρνότά
340 2521 491 2635 6666606
511 2525 530 2603 6
548 2528 642 2614 μήτηρ
663 2527 817 2613 ἀσφαλείας
843 2560 872 2598 τε

77 2626 127 2654 και
125 2607 257 2672 ’τῶνπμός
264 2607 327 2668 1016·
335 2608 409 2664 θῆτ’

97 2675 206 2721 olom
222 2679 252 2725 T.
262 2679 286 2728 J
391 2613 625 2687 60‘666666·
642 2621 885 2720 ούκέτιπροοίμι

657 2719 689 2779 Η
