1890 2970
152 103 428 172 ANTIQVITATVM
444 103 579 157 ROMAN·
596 107 659 156 LIB.
676 107 723 158 VI.
767 111 816 166 287

61 205 121 282 μήτ’
133 211 237 267 ἐκείνων
249 212 498 286 προπηλακιζόντων
518 212 582 274 τοὺς
599 216 656 276 ταῖς
669 211 759 281 τόγαις
772 233 818 268 τα-

61 296 251 370 πεινοτέρους·
283 291 379 362 ’ἥκιστα
399 297 452 370 γάρ
477 291 544 350 εἶναι
567 297 653 350 ταῦτα
679 299 815 350 πολιτικά·

62 377 129 435 ἀλλά
143 378 187 434 καί
198 382 255 444 τοῖς
269 376 382 454 ἀπόροις
396 381 536 453 ἐπικουρία
548 400 586 443 τις
598 379 672 435 ’ἔσται
686 381 815 448 πολιτική,

64 463 110 518 καί
122 467 178 526 τοῖς
191 464 360 536 συμβαλοῦσι
373 466 406 519 τά
418 463 481 536 χρία
494 464 612 534 βοήθεια
630 465 737 539 μετρία,
762 467 816 527 τοῖς

61 548 130 620 γοῦν
143 546 335 620 ἀδικουμένοις,
349 545 394 603 καὶ
407 549 437 602 τό
451 548 591 622 κράτιστον
603 550 654 603 τῶν
666 551 693 602 ἐν
708 545 817 621 ἀνθρώ·

62 652 123 695 ποις
137 628 263 704 ἀγαθῶν,
288 632 334 688 καί
348 633 437 694 πάσας
449 634 585 702 φυλάττον
597 635 625 687 ἐν
642 632 757 705 ὁμονοίᾳ
772 635 816 696 τάς

61 716 156 782 πόλεις,
183 717 271 780 πίστις
296 714 340 771 ἐπὶ
365 719 551 787 συναλλαγαῖς,
579 711 628 784 οάγ
654 710 746 770 ἀπασα
773 716 816 772 καὶ

61 798 105 854 διά
125 802 224 864 παντός
247 803 276 856 ἐκ
293 802 377 874 μόνης
396 799 604 872 ἀναιρεθήσεται
622 803 666 868 τῆς
681 795 817 870 Ῥωμαίων

59 886 167 949 πόλεως.
209 885 315 952 Ταῦτα,
341 882 386 939 καί
412 879 464 940 όσα
482 878 549 940 ἀλλα
562 887 590 939 ίν
603 885 715 956 τοιούτῳ
734 885 817 957 καιρῷ

59 968 187 1040 λεχθῆναι
212 972 345 1042 προσῆκε,
371 965 530 1039 διεξελθών,
553 971 677 1023 τελευτῶν
693 967 758 1036 ὑπὲρ
772 971 813 1035 τῆς

59 1049 184 1116 ίδίας’
155 1055 269 1118 ευνοίας,
293 1047 325 1122 ἣν
350 1051 414 1121 ἒχων
439 1051 545 1106 διετέλει
570 1052 681 1127 πρός
655 1074 700 1109 τον
721 1051 814 1155 δῆμρν,

59 1132 225 1212 ἀπελογεῖτο,
253 1134 384 1240 καίήξίου
408 1131 583 1237 σννρίρασθριι
608 1139 654 1204 τῆς
665 1137 815 1240 στρατείας

58 1215 131 1291 αάτῳ
143 1221 241 1288 ταύτης
252 1215 315 1274 ἀνθ’
337 1206 373 1273 ῶν
386 1217 562 1291 πρόθυμος’
540 1239 576 1283 εις
590 1215 688 1285 αάτοάς
703 1242 744 1289 ην,
771 1242 814 1289 της

57 1323 106 1374 μεν
119 1324 186 1360 κατα
179 1306 277 1358 πόλιν
302 1303 447 1373 ἐπιμελείας
469 1302 505 1376 τρλ
529 1305 687 1376 συνάρχοντι
712 1325 812 1378 προση-

59 1385 165 1455 κοίσηςι
192 1387 277 1457 ἑαυτῷ
291 1385 318 1441 δὲ
331 1390 377 1455 τῆς
389 1359 534 1460 ἡγεμονίας
548 1389 597 1441 τῶν
611 1391 732 1460 πολέμων
746 1388 811 1444 ἀπο·

60 1468 212 1541 δεδομένης·
237 1470 336 1535 ταύτας
348 1472 400 1545 γάρ
424 1466 515 1534 αότοίς
539 1472 691 1542 βραβεῦσαι
704 1472 750 1537 τός
770 1472 812 1525 τό·

57 1574 105 1622 χας
117 1556 165 1609 τόν
178 1556 284 1630 κλῆρον.
312 1553 479 1624 ὕπεσγῆσθαι
493 1551 521 1609 δ’
537 1550 609 1627 αὐτῷ
621 1554 671 1626 ἔφη
686 1555 734 1624 τήν
746 1556 813 1627 βου-

58 1640 106 1707 λήν
116 1638 283 1709 ἐμπεδώσειν,
298 1633 315 1693 ό
328 1659 353 1693 τι
367 1635 400 1695 ἀν
413 1638 637 1713 διομολογήσηται
650 1636 685 1712 τῷ
698 1639 812 1708 πλάθει·

59 1717 313 1790 αάτάνόίκείνοις,
338 1723 439 1778 πείσειν
460 1723 523 1786 τούς
548 1720 664 1793 δημότας
681 1722 718 1795 μή
745 1744 812 1795 προ·

59 1805 153 1862 δώσειν
166 1810 220 1870 τοῖς
233 1806 368 1878 πολεμίοις
380 1806 429 1875 τὴν
448 1805 572 1882 πατρίδα.

120 1888 227 1946 XXIX.
258 1885 345 1946 Ταῦτ’
370 1887 463 1957 είπών,
493 1891 613 1947 ἐκέλευσε
637 1893 685 1946 τόν
709 1890 811 1964 κήρυκα

57 1972 184 2040 ἀνειπεῖν,
212 1969 272 2030 όσοι
286 1971 320 2030 ἀν
330 1971 466 2046 Ῥωμαίων
482 1974 526 2030 ἐπί
544 1975 591 2030 τόν
604 1976 672 2029 κατά
690 1970 811 2031 Ουὀλοό-

56 2077 127 2112 σκων
139 2059 254 2130 πόλεμον
266 2061 444 2124 καταντῶντες
457 2055 672 2132 ἐκστρατείισωσι,
687 2061 732 2121 τάς
744 2058 810 2114 τοδ-

55 2161 108 2197 των
120 2140 206 2202 οίκίας
218 2143 318 2213 μηδένα
335 2146 429 2208 ἐξεῖναι
441 2144 506 2215 μήτε
520 2143 648 2211 κατέχειν,
674 2143 739 2214 μήτε
753 2164 810 2197 πω-

54 2229 124 2294 λεῖν,
152 2221 210 2297 μήτ’
237 2229 409 2301 ἐνεχυράζειν,
435 2227 500 2301 μήτε
509 2229 583 2299 γένος
596 2221 682 2281 αότῶν
697 2223 810 2299 ἀπάγειν

54 2312 122 2384 πρός
133 2308 217 2382 μηδὲν
242 2312 415 2383 συμβόλαιον,
443 2311 508 2384 μήτε
529 2307 637 2365 κωλίιειν
655 2310 701 2364 τόν
713 2309 809 2380 βουλό-

54 2414 134 2465 μενον
149 2399 194 2464 τῆς
213 2395 351 2468 στρατείας
374 2397 522 2451 κοινωνεῖν.
550 2387 652 2449 όσοιδ’
677 2388 711 2448 ἀν
736 2389 809 2448 ἀπο-

55 2479 186 2548 ληφθῶσι
214 2482 258 2547 τῆς
283 2479 433 2557 στρατείας,
456 2480 503 2542 τώς
515 2498 584 2533 κατα
594 2475 694 2532 τουτων
707 2479 810 2552 πράξεις

57 2558 186 2633 ὕπάργειν
198 2567 255 2627 τοῖς
274 2563 434 2631 δανεισταῖς,
461 2557 501 2633 ἐφ’
516 2555 582 2626 οἶς”
568 2582 674 2619 εκαστοι
693 2563 808 2634 συυίβα
