1890 2970
100 125 150 178 250
232 112 392 164 momsn
407 112 750 165 Ηισισκσσεεεσσειε

102 221 271 293 ληφθέντων,
298 220 597 295 προκατεσκευασμένων
613 222 666 294 πρό
685 219 839 276 πολλοῦ·
806 239 853 276 ται

101 305 243 406 γεωργῶν
233 300 269 367 εἷς
288 305 322 358 τά
341 305 537 407 προσεχέστατα
554 305 605 358 τῶν
622 305 776 378 ἐρυμάτων,
804 296 854 360 ε’σα

104 373 243 462 δίναμις
226 409 260 457 ην
272 387 389 452 ίκάστοις
401 389 491 461 φέρειν
503 407 531 442 τε
548 382 637 442 κάλ’
617 407 706 460 αγειν·
735 389 822 451 οικιας
833 409 846 442 τ

104 469 189 528 αὖτῶν
208 471 407 545 ἐνεπίμπρασαν
431 467 586 543 ἐρήμους’
567 472 724 544 αφειμένας,
750 470 854 542 κοίτην
895 475 897 482 ’

103 561 152 628 γῆν
177 547 283 629 ἐδῄουν.
309 551 419 626 άφίκιτο
444 549 474 610 δ’
499 549 591 618 αὐτοῖς
616 557 855 628 ἐξεστρατευμένοις

102 636 120 694 δ’
113 640 163 709 δη
178 645 204 704 ἐξ
214 634 321 705 Ἀντίου,
335 640 435 703 πόλεως
446 639 655 711 ἐπιφανεστάτης
667 641 717 693 τοῦ
736 635 854 697 Οδολοδν

103 744 172 780 σκων
186 721 291 787 ἔθνους,
318 723 428 797 στρατιά
442 743 469 778 τε
483 722 561 790 καινή
574 744 619 778 και
609 716 702 778 δπλα
715 722 762 779 καί
777 728 853 788 σῖτος,

103 804 236 863 καλέσων
261 802 386 862 άλλων’
364 809 458 870 ειςτδν
481 807 596 878 πόλεμον
620 806 736 862 ἐδεοντσ.
763 799 846 910 ἐφ’
818 828 855 872 οις

103 893 176 945 πάνυ
190 889 383 964 θαρρήσαντες,
397 891 425 945 ἐν
437 890 524 946 ἐλπίσι
533 892 660 966 χρησταῖς
673 911 752 956 ησαν,
765 889 800 957 ὧς
812 888 855 946 καί

103 976 154 1027 τῶν
175 969 260 1029 ἄλλων
290 968 464 1029 Οὐολούσκων
489 976 693 1049 συναρουμένων
718 977 799 1046 σφισι
811 994 854 1030 του

104 1058 229 1128 πολέμου,
250 1059 296 1126 τῆς
307 1051 440 1112 Ἀντιατῶν
465 1059 563 1122 πόλεως
588 1055 742 1131 ἀρξαμένης.
771 1078 857 1114 ταυτα

104 1139 203 1213 μαθὼν
217 1140 233 1195 ὅ
245 1139 416 1212 Ποστούμιος
435 1141 573 1212 ἐξεβοήθει
592 1140 636 1195 διά
655 1141 768 1208 ταχέων,
794 1141 857 1214 πρίν

105 1220 122 1291 ἢ
135 1225 277 1278 συνελθεῖν
289 1223 352 1288 τοδς
364 1225 508 1295 πολεμίους
518 1221 650 1288 ἅπαντας·
663 1221 776 1300 άγαγών
789 1221 817 1280 δ’
831 1227 857 1280 ἐν

106 1304 182 1361 νυκτὶ
195 1307 243 1376 τήν
255 1305 306 1362 σὺν
318 1305 390 1381 αὖτῷ
402 1309 530 1382 στρατιάν
544 1308 638 1382 πορείᾳ
651 1311 779 1382 συντόνῳ,
793 1311 856 1377 πλη·

106 1393 165 1445 σίον
177 1390 281 1466 γίνεται
293 1393 344 1449 τῶν
356 1392 481 1449 Λατίνων
491 1392 771 1467 ἐστρατοπεδευκότων
784 1393 856 1467 παρά

106 1474 183 1549 λίμνη
193 1469 315 1548 Ῥηγίλλη
341 1478 498 1578 καλουμένη,
526 1478 555 1531 ἐν
579 1474 663 1549 ἐχυρῳ
686 1479 790 1550 χωρίῳ·
812 1475 858 1533 καί

105 1561 210 1615 τίθεται
222 1559 312 1615 τδν’
277 1581 384 1635 χαρακα
396 1561 465 1614 κατά
485 1561 650 1658 κεφαλῆς
615 1579 667 1613 των
684 1561 821 1633 πολεμίοιν
832 1563 858 1615 ἐν

105 1640 196 1717 ίιφηλῳ
209 1644 281 1716 λόφῳ
296 1665 341 1699 και
331 1643 485 1717 δυσβάτῳ.
505 1645 534 1698 ἐν
552 1630 572 1716 ᾧ
590 1640 743 1717 υπομένων,
774 1643 857 1701 πολλά

104 1727 299 1795 πλεονεκτησειν
312 1725 422 1801 εμελλεν.

167 1808 216 1866 lV.
242 1807 275 1864 Οἳ
288 1808 368 1864 δέ’
334 1831 385 1865 των
397 1810 520 1866 Λατινων
545 1779 676 1883 ἡγεμόνες,
701 1805 857 1875 Ὀκταοὺίός

104 1913 132 1947 τε
143 1892 159 1947 δ
169 1895 344 1958 Τουσκλανδς,
362 1894 514 1968 Ταρκυνίου
527 1914 576 1948 του
561 1895 714 1966 βασιλέως
726 1895 856 1968 γαμβρός,

105 1975 138 2040 ὡς
165 1975 193 2030 δέ
219 1995 286 2037 τινες
307 1977 468 2050 γράφουσιν,
494 1976 553 2040 υἱός
576 1998 624 2032 του
649 1979 787 2052 γαμβροῦ,
814 1999 858 2033 και

106 2058 199 2124 Σέξτος
227 2058 386 2132 Ταρκύνιος·
412 2059 556 2134 ἐτιίγχανσν
568 2062 620 2135 γάρ
634 2056 685 2129 ἤδη
711 2065 858 2130 τηνικαῦτα

102 2141 180 2218 χωρίς
193 2138 309 2211 άλλὴλων
318 2145 596 2220 ἐστρατοπεδευκότες·
616 2148 651 2208 είς
664 2142 692 2199 ἓν
705 2148 858 2220 συνάγουσι

105 2227 151 2291 τάς
169 2225 290 2298 δυνάμεις
313 2229 425 2302 χωρίον·
450 2225 497 2283 καί
515 2230 714 2302 παραλαβόντες
733 2229 798 2294 τούς
813 2249 858 2299 χι-

104 2311 226 2382 λιάρχους
245 2309 289 2364 καί
309 2312 444 2386 λοχαγοὺς,
465 2313 596 2369 ἐσκόπουν
619 2309 691 2376 ὅστις
711 2310 788 2369 ἔσται
800 2312 860 2389 τρό·

105 2412 154 2455 πος
169 2394 217 2449 τοῦ
230 2395 360 2451 πολέμου·
387 2392 434 2451 καὶ
451 2393 546 2450 πολλαί
570 2399 674 2468 γνῶμαι
699 2399 860 2465 ἐλέχθησαν.

104 2473 130 2528 σί
140 2475 190 2545 μέν
201 2476 263 2552 γάρ,
281 2480 308 2542 ἐξ
320 2478 419 2549 ἐφόδου
437 2481 532 2552 χωρεῖν
550 2476 642 2547 ἠξίουν
660 2477 702 2535 ἔπί
719 2480 784 2546 τοὺς
802 2475 860 2554 ἅμα

104 2555 139 2633 τῷ
164 2558 304 2641 δικτάτωρι
328 2563 558 2635 καταλαβομένους
581 2565 613 2616 τὸ
627 2561 701 2635 ὅρος,
727 2564 772 2627 ἕως
793 2566 861 2628 τινές
