1890 2970
118 116 153 170 93
238 68 755 160 υιοωεευπιιισκπυεεεεπειε

117 219 243 280 ἐπέστησε
256 218 312 280 τοῖς
322 213 410 289 ἔργοις
421 214 484 277 τοὺς
496 213 628 282 τεχνίτας·
640 212 688 268 καλ
700 214 733 267 τά
745 212 795 286 μὲν
807 217 877 268 τισλ-

118 302 151 358 λά
157 300 326 374 ἐξειργάσατο
339 300 389 354 τοῦ
402 300 479 361 ναοῦ,
494 298 629 354 τελειῶσαι
643 292 670 352 δ’
686 292 735 353 οόκ
749 295 876 369 ἔφθασεν

117 381 192 440 άπαν
206 386 237 440 τό
249 383 336 459 ἔργον,
350 383 467 438 ἐκπεσὼν
478 382 570 450 τάχιον
584 384 612 436 ἐκ
631 385 678 452 τῆς
702 380 876 448 δυναστείας·

117 463 174 524 ἄλλ’
188 467 232 525 ἐπὶ
244 472 291 538 τῆς
309 469 398 541 τρίτης
416 465 540 529 ὑπατείας
553 461 569 534 ἦ
580 461 717 536 Ῥωμαίων
735 468 813 530 πόλις
825 463 876 522 αὖ·

118 553 166 606 τόν
178 549 215 616 είς
228 553 379 607 συντέλειαν
390 551 568 624 ἐξειργάσατο.
581 551 699 620 ἐποιήθη
712 545 742 605 δ’
755 549 799 606 ἐπί
812 571 876 625 κρη·
937 616 939 627 Ι

117 635 195 700 πίδος
209 633 309 707 ὕψηλῆς
322 633 448 707 βεβηκὼς,
463 631 649 708 ὀκτάπλεθρος
666 634 716 701 τὴν
736 635 874 710 περίοδον,
937 630 940 673 ῗ

118 720 260 775 διακοσίων
268 719 358 774 ποδῶν
370 718 479 791 ἔγγιστα
491 718 540 786 τὴν
547 720 663 793 πλευράν
675 717 738 785 ἔχων
751 719 873 788 ἑκάστην·

117 801 209 877 όλίγσν
232 801 260 859 δέ
273 823 299 858 τι
312 806 342 859 τό
357 802 514 857 διαλλάττον
527 798 601 876 εὕροι
614 802 652 868 τίς
664 799 698 856 όίν
711 807 758 873 τῆς
772 801 873 878 ὑπερσ-

116 887 223 962 ίῆςποῶ
237 886 341 959 μίμους
364 887 439 960 παρά
451 887 481 940 τό
493 887 599 951 πλάτος,
627 881 685 942 οὐδ’
698 881 767 940 ὅλων
779 907 872 941 πεντε-

115 969 226 1025 καίδεκα
239 970 337 1027 ποδῶν.
352 969 397 1026 ἐπὶ
408 972 461 1043 γάρ
473 973 529 1034 τοῖς
541 965 636 1034 αότσῒς
646 969 782 1042 θεμελίοις
793 970 811 1026 ό
822 991 874 1044 με-

114 1057 149 1108 τά
167 1054 215 1121 την
234 1051 363 1128 ἔμπρησιν
383 1051 572 1125 οἰκοδομηθεὶς
590 1056 659 1109 κατά
675 1055 738 1117 τοὺς
759 1057 875 1129 πατέρας

115 1134 190 1210 ἡμῶν
203 1136 311 1212 εδρὲθη,
327 1137 360 1213 τῇ
380 1137 534 1212 πολυτελείᾳ
553 1141 599 1207 τῆς
617 1133 682 1208 όλης
695 1139 781 1210 μόνον
795 1137 875 1194 διαλ-

115 1223 278 1278 λάττωντοῒι
303 1220 427 1298 ἀρχαίου,
455 1225 483 1277 ἐκ
495 1223 544 1292 μὲν
557 1223 606 1278 τοῦ
632 1225 702 1278 κατά
726 1225 877 1294 πρόσωπον

115 1307 211 1381 μέρους
230 1309 297 1382 πρός
311 1307 480 1380 μεσημβρίαν
493 1308 645 1376 βλέποντος,
672 1307 770 1380 τριπλῷ
794 1326 876 1378 περι-

115 1392 320 1464 λαμβανόμενος
343 1392 423 1463 στίχιρ
436 1390 539 1456 κιόνων,
567 1389 595 1446 ἔκ
623 1391 652 1446 δὲ
677 1392 728 1446 τῶν
741 1391 875 1462 πλαγίων,

116 1473 213 1548 διπλῶ·
226 1479 254 1530 ἐν
267 1475 295 1531 δὲ
308 1472 389 1550 αὗτρί,
413 1478 483 1547 τρεῖς
496 1473 574 1530 ἔνεισι
597 1472 675 1544 σηκοὶ
700 1475 878 1547 παράλληλοι,

115 1562 208 1622 κοινάς
221 1559 321 1630 ἔχοντες
327 1559 448 1634 πλευράς.
461 1561 541 1632 μίσος
552 1559 608 1630 μὲν,
623 1557 640 1614 ό
652 1560 701 1614 τοῦ
714 1559 794 1622 Διός·
808 1555 875 1633 παρ’

115 1645 239 1717 ἑκάτερον
266 1645 295 1700 δὲ
308 1646 338 1700 τδ
363 1647 448 1716 μέρος,
463 1638 517 1709 ό,ττ
542 1646 587 1712 τῆς
608 1637 699 1717 Ἤρας
725 1641 801 1698 καίό
827 1645 875 1711 τῆς

112 1720 231 1797 Ἀθηνᾶς,
248 1724 292 1801 ὑφ’
306 1731 365 1793 ἑνός
384 1724 465 1783 άετοῦ
484 1726 529 1782 καί
548 1727 611 1800 μιᾶς
628 1728 722 1800 στέγης
733 1729 876 1783 καλυπτό-

114 1831 198 1881 μενοι.
276 1829 279 1837 ·
776 1851 778 1854 -

181 1890 271 1949 LXII.
295 1895 409 1967 Λέγεται
423 1894 453 1952 δί
471 1915 497 1950 τι
510 1892 555 1950 καί
568 1891 658 1970 ἕτερον
670 1893 714 1950 ἐπὶ
735 1898 782 1964 τῆς
800 1904 876 1971 ΓΓαρ-

117 1975 213 2030 κυνίου
225 1977 363 2048 βασιλείας
389 1980 462 2034 πάνυ
487 1982 652 2051 θαυμαστόν
676 1974 812 2049 εὐτύχημα
839 1983 876 2055 τῇ

113 2055 249 2133 Ῥωμαίων
264 2059 379 2133 ὑπάρξαι
390 2066 472 2129 πόλει,
494 2065 544 2118 εἴτε
563 2065 636 2119 θεῶν
656 2083 734 2131 τινος,
749 2065 799 2118 εἴτε
815 2063 877 2120 δαι-

115 2146 203 2214 μόνων
216 2140 306 2219 εὗνοίιμ
316 2146 450 2221 δωρηθέν·
465 2142 531 2222 ὅπερ
545 2141 578 2202 οὗ
591 2144 753 2221 πρδςόλίγον
767 2149 877 2223 καιρόν,

116 2224 172 2284 ἀλλ’
186 2226 221 2293 εἷς
235 2225 342 2286 ἅπαντα
355 2231 402 2286 τόν
415 2230 477 2302 βίον
493 2232 619 2295 πολλάκις
632 2226 716 2301 αὐτην
729 2231 830 2288 ἔσωσεν
845 2238 878 2290 ἐκ

114 2314 233 2387 ιιεγάλων
246 2317 342 2370 κακῶν.
366 2313 435 2388 γυνη
444 2334 483 2378 τις
501 2311 612 2387 άφίκετο
632 2318 701 2390 πρός
713 2316 761 2372 τόν
773 2315 877 2392 τύραν-

114 2416 168 2463 νον,
185 2393 234 2451 οὖν
246 2398 378 2473 ἐπιχωρία,
391 2398 504 2472 βίβλους
515 2400 589 2456 ἐννέα
602 2402 876 2474 μιστάςΣιβυλλείων

113 2482 234 2551 χρησμῶν
253 2480 441 2553 άπεμπολῆσαι
460 2484 588 2541 θέλουσα.
615 2480 665 2540 σόν
683 2481 824 2551 άξιοῖιντος
842 2487 875 2545 δὲ

111 2565 160 2618 τοῦ
178 2565 330 2640 Ταρκυνίου
349 2569 394 2639 τῆς
412 2563 567 2639 αἰτηθείσης
579 2572 656 2641 τιμῆς
667 2570 807 2643 πρίασθαι
822 2573 872 2636 τάς
