1890 2970
140 111 410 180 λατιονιτλτυα
427 111 560 164 nomn.
578 114 641 164 ται.
659 117 702 166 ιν.
743 119 792 174 107

110 211 241 274 LXVIII.
270 218 312 289 Τῷ
325 213 403 288 άνδρί
411 214 495 288 τούτῳ
506 219 594 291 πατὴρ
605 219 653 289 μέν
668 207 700 287 ίην
713 223 794 293 Μάρ-

41 321 89 365 κος
100 295 217 367 Ἰούνιος,
232 301 289 364 ἑνὸς
295 302 345 355 τῶν
359 300 408 354 σύν
420 296 513 372 Αἰνείᾳ
526 300 573 369 τὴν
586 298 715 358 άποικίαν
729 323 795 357 στει-

41 387 144 440 λάντων
159 383 303 457 άπδγονος,
327 387 355 438 ίν
368 386 424 446 τοίς
437 385 656 452 ἐπιφανεστάτοις
669 387 719 439 τῶν
727 383 796 439 Ῥω-

40 470 129 542 μαίων
144 464 349 541 ἀριθμούμενος
362 461 394 522 δι’
408 465 519 540 άρετήν·
544 469 630 543 μήτηρ
645 468 674 523 δι’
690 477 793 542 Ταρκυ·

40 553 96 618 νία,
112 552 305 626 τοῦπρότερον
323 551 449 622 βασιλέως
477 552 630 627 Ταρκυνίου
653 553 794 624 θυγάτηρ·

41 631 125 699 αύτδς
141 635 168 689 δὲ
181 638 282 710 τροφῆς
294 655 321 690 τι
335 634 378 690 καί
391 634 514 698 παιδείας
535 637 622 705 πάσης
634 638 679 705 τῆς
698 639 795 702 ίπιχω-

40 720 104 792 ρίου
116 721 246 792 μετέλαβε,
262 717 399 790 καὶφύσιν
412 713 462 788 εἶχε
475 720 541 792 πρὸς
553 716 634 776 ούδίν
645 721 697 775 τῶν
710 722 795 777 καλῶν

40 800 281 878 άντιπράττουσαν.
301 801 357 858 ἐπεί
378 802 406 857 δὲ
422 802 535 858 Τύλλιον
553 801 709 867 ἀποκτείνας
724 812 795 877 Ταρ-

40 886 148 954 κύνιος,
167 889 217 942 σύν
237 883 325 952 άλλοις
345 884 589 960 άνδράσιπολλοίς
610 887 656 943 καὶ
675 885 795 960 άγαθοίς

41 970 91 1028 καί
104 972 150 1027 τύν
161 971 264 1029 ἐκείνου
275 973 378 1046 πατέρα
389 970 544 1046 διεχρήσατο
558 968 657 1043 άφανεῖ
670 973 794 1044 θανάτῳ·

42 1049 78 1111 δι’
92 1051 170 1110 ούδὲν
188 1055 236 1127 μὲν
250 1052 377 1126 άδίκημα,
398 1056 447 1110 τού
466 1053 494 1110 δὲ
511 1054 631 1112 πλούτου
649 1054 795 1130 προαχθείς

41 1135 80 1204 εἰς
92 1139 250 1212 ἐπιθυμίαν,
264 1133 297 1193 δν
310 1139 463 1203 ίκπαλαιᾶς
474 1159 502 1195 τε
514 1138 561 1196 καί
572 1143 731 1217 προγονικῆς
743 1161 797 1196 πα-

41 1223 169 1298 ραλαβὼν
202 1218 323 1291 εὐτυχίας
347 1224 484 1291 ἐκέκτητο·
508 1221 555 1278 καί
579 1224 630 1280 σύν
654 1218 725 1296 αύτῷ
748 1225 795 1279 τδν

41 1305 229 1381 πρεσβύτατον
246 1306 308 1361 υἱὸν
321 1300 420 1378 εύγενίς
432 1325 457 1360 τι
470 1306 594 1378 φρόνημα
608 1305 794 1378 διαφαίνοντα,

41 1389 92 1447 καί
106 1391 136 1444 τά
149 1390 185 1461 μὴ
205 1391 351 1462 τιμωρῆσαι
377 1388 413 1461 τῷ
428 1391 542 1464 θανάτῳ
559 1392 608 1448 τού
627 1392 728 1466 πατρὸς
747 1386 795 1446 οὐκ

41 1474 60 1532 ά
65 1497 79 1530 ν
93 1472 290 1543 ὑπομείναντα·
310 1475 367 1537 νέος
379 1471 415 1527 ὢν
426 1472 443 1529 δ
456 1476 579 1548 Βροῦτος
591 1474 628 1531 ἔτι
642 1474 687 1530 καί
699 1474 797 1547 κομιδῇ

42 1558 177 1633 βοηθείας
190 1560 343 1631 συγγενικῆς
355 1557 454 1632 ἔρημος,
469 1557 546 1633 ἔργον
558 1560 706 1660 ἐπεχείρησε
719 1561 798 1627 ποιῆ-

42 1665 91 1700 σαι
106 1642 210 1697 πάντων
229 1640 438 1748 φρονιμώτατον,
458 1645 609 1698 ἐπίθετον*
599 1644 696 1698 εαυτοῦ
710 1663 798 1697 κατα-

45 1727 209 1832 φείσασθαι
224 1725 343 1828 μωρίαν·
369 1725 416 1782 καί
440 1722 602 1798 διίμεινεν”
583 1746 690 1783 απαντα
708 1729 755 1782 τδν
772 1729 798 1790 ἐξ

45 1810 148 1869 εκείνου
158 1811 265 1882 χρόνον,
281 1806 326 1873 ἔως
339 1829 372 1866 ου
360 1797 434 1867 τδν
446 1811 594 1881 ἐπιτήδειον
615 1809 684 1875 ἔδοξε
703 1811 798 1909 καιρὸν

44 1915 118 1964 εχειν,
135 1898 274 1964 φυλάττων
287 1895 319 1949 εδ
339 1893 513 1968 προσποίημα
532 1897 578 1964 της
597 1893 647 1952 άνο
649 1897 704 1958 ί·ας
726 1898 753 1961 ἐξ
764 1879 797 1949 ού

46 1977 73 2033 δὲ
87 1979 184 2047 ταύτης
197 1978 268 2047 ίταχε
282 1982 326 2048 τῆς
343 1979 500 2051 ἐπωνυμίας,
524 1974 597 2035 τοῦτ’
618 1975 701 2036 αὐτὸν
721 1978 798 2054 ίρρύ

45 2083 112 2121 σατο
125 2060 233 2134 μηδίν“
222 2063 274 2116 υπὸ
288 2064 335 2117 τού
348 2064 482 2136 τυράννου
492 2066 608 2129 παθεῖν,
635 2065 738 2119 πολλῶν
752 2061 797 2117 καί

46 2144 162 2219 άγαθῶν
175 2143 277 2219 άνδρῶν
290 2142 487 2220 άπολλυμὲνονν.

52 2246 53 2250 ’
108 2225 212 2285 LXIX.
247 2232 463 2303 Καταφρονήσας
479 2230 531 2304 γάρ
551 2229 567 2285 ὁ
588 2229 734 2302 Ταρκύνιος
752 2230 797 2295 τῆς

45 2312 175 2382 δοκούσης
193 2305 333 2385 εἶναιπερὶ
351 2309 448 2382 αύτδν,Ι
461 2308 516 2369 ἄλλ’
537 2308 570 2368 ού
590 2308 645 2368 κατ’
665 2311 797 2382 άλὴθειαν

46 2395 215 2470 ὑπαρχούσης
220 2397 327 2468 μωρίας,
343 2394 503 2471 άφελύμενος
516 2393 623 2453 ἅπαντα
630 2397 664 2451 τά
677 2393 786 2470 πατρρῗα

44 2483 127 2552 μικρά
141 2477 169 2536 δ’
184 2477 218 2545 είς
231 2481 277 2534 τὸν
292 2475 358 2536 καθ’
372 2474 472 2557 ἡμέραν
490 2481 553 2553 βίον
571 2483 739 2555 ἐπιχορηγῶν,
761 2475 794 2534 ὣς

47 2565 131 2619 παῖδα
146 2560 264 2640 ὀρφανὸν
277 2565 426 2642 ἐπιτρόπων
447 2564 571 2638 δεόμενον
591 2565 738 2641 ἐφύλαττεν
751 2557 796 2633 ἰαί
