1890 2970
115 113 167 172 154
233 103 391 156 DIONYSII
408 102 752 154 HALICARNASSENSIS

116 235 168 281 νοι,
181 211 295 268 παλαιοί
312 231 340 266 τε
354 207 401 264 καλ
418 210 520 265 πολλῶν
544 206 663 282 ἔμπειροι
686 208 817 279 πολέμων,
832 199 867 271 οἷς

115 299 243 370 ἐσχάτοις,
271 289 337 350 ὅταν
351 290 519 368 ἀπογνωσθῇ
544 293 617 347 πάσα
640 289 718 358 ἐλπίς,
747 288 783 356 τίς
809 292 868 354 τοὺς

118 379 177 460 περὶ
189 382 240 436 τῶν
251 382 379 453 μεγίστων
395 375 499 450 ἀγῶνας
515 378 704 450 καταχρῶνται.

180 461 258 524 XVI.
282 458 358 530 Ἠόη
386 462 414 516 όέ
432 461 492 535 περὶ
511 461 667 535 καταφορὰν
687 457 867 528 όντοςῆλίου,

117 551 184 624 πρός
197 548 258 609 τοὺς
271 548 370 602 ἑαυτῶν
383 543 547 620 ἀνέστρεψαν
561 546 679 619 ἑκάτεροι
690 545 819 617 χάρακας,
837 539 869 599 οὔ

117 633 247 688 τοσοῦτον
260 629 302 683 έσί
314 628 348 702 τῇ
360 629 418 701 νίκῃ
429 631 573 704 χαίροντες,
588 629 654 684 ὅσον
665 627 709 682 ἐπὶ
721 628 758 701 τῶ
771 628 869 697 πλήθει

118 718 169 771 τῶν
183 711 356 770 ἀπολωλότων
368 711 523 786 ἀχθόμενοι,
546 712 592 768 καὶ
609 709 632 768 τί
646 711 760 780 όεὴσειεν
780 709 870 775 αὐτοῖς

118 801 207 873 ἑτέρας
233 797 330 870 μάχης,
357 792 406 866 οόγ
423 797 531 862 ἱκανοός
548 793 692 870 ἡγοόμτνοι
711 799 759 852 τόν
778 793 867 870 ἀγῶνα

119 879 244 955 άρασόαι
261 882 323 944 τούς
341 882 571 953 περιλειπομένους
589 883 664 949 σφῶν
670 922 678 946 ,
703 883 868 954 τραυματίας

118 966 181 1029 τούς
194 966 309 1028 πολλοὺς
322 963 408 1027 ὄντας.
434 967 529 1020 πλείων
556 959 585 1019 δ’
606 955 639 1032 ἦν
657 963 717 1038 περὶ
730 965 793 1027 τοὺς
802 960 868 1019 Ῥω-

118 1051 215 1121 μαίους
228 1046 336 1120 ἀθυμία
357 1045 402 1102 καὶ
416 1045 565 1120 ἀπόγνωσις
577 1051 628 1103 τῶν
648 1051 812 1122 πραγμάτων
825 1047 870 1103 όιά

119 1136 165 1189 τόν
179 1133 227 1187 τοῦ
251 1128 377 1205 ἡγεμόνος
395 1133 534 1188 θάνατον·
561 1132 608 1187 καί
633 1135 762 1207 λογισμός
788 1129 869 1206 εἰσῄει

119 1219 234 1281 πολλοῖς,
248 1213 281 1278 ῶς
293 1210 402 1287 ἀμεινων
415 1218 454 1286 τίη
468 1220 560 1288 σφίσιν
573 1219 687 1273 ἐκλιπεῖν
700 1219 747 1272 τόν
760 1218 870 1290 χάρακα

118 1298 181 1372 πρίν
195 1295 291 1374 ἡμέραν
304 1301 440 1371 γενέσθαι.
454 1303 567 1356 τοιαῦτα
591 1295 617 1354 δ’
638 1295 726 1356 αὐτῶν
746 1302 868 1356 διανοου·

118 1384 202 1456 μένων
219 1381 264 1438 καί
278 1383 469 1454 διαλεγομένων
486 1388 552 1457 πρός
571 1381 712 1451 ἀλλήλους,
741 1383 803 1459 περὶ
822 1386 869 1453 τὴν

119 1469 224 1542 πρώτην
235 1486 290 1521 ,σου
300 1468 414 1537 μάλιστα
426 1470 555 1537 φυλακὴν,
569 1471 597 1523 ἐκ
612 1471 659 1524 τοῦ
674 1468 788 1542 όρυμοῗι,
804 1463 867 1542 παρ’

119 1546 149 1605 όν
164 1550 445 1625 έστρατοπεόεόσαντο,
459 1553 533 1622 φωνή
552 1574 590 1617 τις
608 1550 732 1622 ἠκοόοθη
750 1556 810 1617 ταῖς
822 1551 868 1607 όυ·

120 1637 229 1705 νάμεσιν
242 1632 405 1709 ἀμφοτέραις
416 1639 551 1707 γεγονυῖα,
568 1632 635 1693 ὥσθ’
651 1632 772 1700 ἀπαντας
786 1631 870 1704 αάτῆς

120 1715 233 1786 άκυόειν,
250 1721 299 1773 είτε
313 1721 360 1774 τοῦ
374 1722 572 1795 κατέχοντος-τό
593 1722 698 1794 τέμενος
710 1717 804 1795 ἥρωος,
818 1723 869 1775 εἴτε

119 1805 167 1857 τοῦ
194 1805 360 1874 καλουμένου
377 1803 494 1860 Φαύνου.
521 1804 606 1877 τοόιῳ
626 1807 679 1877 γάρ
705 1802 870 1861 ἀνατιθέασι

120 1886 154 1957 τῷ
167 1885 275 1957 όαίμονι
290 1882 418 1956 Ῥωμαῖοι
435 1891 468 1944 τά
485 1890 585 1944 πανικά
601 1888 647 1943 καί
666 1884 718 1944 όσα
738 1890 870 1960 φάσματα

118 1965 211 2022 άλλοττ
224 1965 331 2034 ἀλλοίας
349 1971 458 2039 ἴσχοντα
469 1975 576 2046 μορφάς
589 1969 623 2036 είς
636 1971 701 2046 ὄφιν
715 1970 870 2045 ἀνθρώπων

120 2052 245 2122 ἔρχονται,
261 2053 372 2124 δείματα
386 2057 516 2131 φέροντα,
530 2055 546 2123 ἢ
565 2055 653 2126 φωναὶ
673 2057 808 2128 δαιμόνιοι
821 2077 869 2111 τα·
924 2081 927 2083 ·

120 2139 263 2206 ράττουσαι
277 2140 323 2201 τάς
336 2136 425 2205 ἀκοάς,
448 2140 546 2195 τούτου
558 2139 641 2211 φασίν
654 2134 722 2196 εἶναι
735 2142 784 2196 τοῦ
797 2141 870 2196 θεοῦ

120 2223 148 2274 τό
162 2216 274 2294 έργοκῆ
289 2221 317 2276 όέ
327 2223 375 2277 κοῶ
390 2222 516 2294 δαίμονος
529 2225 603 2294 φωνὴ
621 2225 737 2299 θαῤῥείν
757 2245 871 2300 παρτκτ·

118 2303 206 2360 λτὺττο
225 2309 280 2369 τοῖς
290 2301 427 2377 Ῥωμαίοις
450 2305 483 2371 ῶς
501 2309 678 2377 νενικηκόσιν,
704 2307 742 2364 ἑνὶ
762 2311 872 2374 πλείους

118 2381 185 2440 εἶναι
210 2389 271 2454 τούς
296 2391 347 2445 τῶν
372 2390 501 2459 πολεμίων
526 2389 719 2463 ἀποφαίνουσα
750 2391 870 2467 νεκροός.

118 2472 201 2543 ταύτῃ
221 2474 328 2546 λέγουσι
347 2472 381 2545 τῇ
393 2474 468 2546 φωνῇ
482 2475 527 2528 τόν
544 2471 691 2550 Οὗαλέριον
703 2478 870 2549 ἐπαρθέντα,

120 2556 211 2615 νυκτός
223 2553 260 2608 ἔτι
280 2560 376 2625 πολλῆς
396 2555 499 2612 έπίτόν
520 2560 628 2632 γάρακα
653 2561 706 2614 τῶν
722 2560 872 2634 Τυρῥτςνῶτ
915 2598 938 2639 Δι
