1890 2970
132 137 182 198 104
255 132 415 186 DIONYSII
434 131 777 191 HALICARNASSENSIS

132 247 173 299 θά
186 243 270 317 μικροί
283 260 310 297 τε
323 239 378 297 ἐστὶ
392 241 445 298 καί
452 264 485 298 ου
475 237 614 307 ’πολλούς
628 243 765 317 δυνάμενα
777 236 897 315 ἀφελεῖν,

133 329 200 385 ἀλλά
218 330 303 401 μόνον
331 327 393 389 τούς
418 331 575 397 ἐξητακότας
599 349 635 383 ων
661 329 736 386 ἕνεκα
762 328 897 404 γίνονται·

132 415 244 469 σπάνιοι
259 408 318 467 ύ”
296 411 362 467 εισίν
372 433 400 467 οι
390 411 594 489 μετειληφότες
607 413 705 484 ταύτης
718 417 765 484 τῆς
781 415 898 486 φιλοσο·

132 500 205 571 φίας.
233 497 448 563 όόέττολύς·καῖ
462 496 665 571 ἀφιλοσόφητος
691 498 768 570 ὄχλος
792 497 838 555 ἐπὶ
863 498 896 552 ταί

131 584 210 657 κείρω
224 585 373 656 λαμβάνειν
386 586 459 655 φιλεῖ
470 586 532 650 τούς
546 583 605 657 περὶ
618 579 706 640 αύτῶν
725 585 829 656 λόγους,
852 581 898 638 καί

132 671 244 740 πάσχειν
258 668 339 746 ύυοῖνΙ
349 670 476 741 θάτερον,
503 667 520 738 ἢ
539 673 719 746 καταφρονεῖν
745 671 795 725 τῶν
816 669 896 734 θεῶν,

133 754 166 820 οῖς
180 758 208 810 ἐν
221 752 307 828 πολλῇ
319 752 515 829 κακοδαιμονίᾳ
530 753 750 828 κυλινδουμένων,
766 751 899 825 ἢτοῖναῖ-

132 842 246 909 σχίστων
259 861 285 894 τε
300 838 346 895 καὶ
365 841 600 911 παρανομωτάτων
619 835 727 905 ούόενός
736 837 899 910 ἀπέχεσθαι,

132 929 209 987 θεοῖς
222 921 292 981 αάτά
307 925 484 1001 προσκείμενα
498 925 577 1000 ὁρῶν.

195 1007 276 1068 ΧΧΙ.
300 1004 362 1065 Ἀλλ’
379 1007 444 1084 τῖπέρ
463 1010 511 1082 μὲν
531 1009 634 1065 τούτων
652 1013 710 1074 τοῖς
730 1003 795 1064 αύτό
813 1010 899 1084 μόνον

135 1097 163 1150 τί
178 1095 344 1170 θεωρητικόν
357 1097 403 1162 τῆς
422 1096 586 1166 φιλοσοφίας
610 1096 690 1168 μέρος
715 1091 900 1168 ἀποτετμημέ-

132 1202 187 1244 νοις
200 1177 326 1251 ἀφείσθω
341 1183 460 1236 σκοπεῖν.
485 1183 529 1250 τῆς
544 1181 572 1235 ἀὲ
591 1178 644 1235 ύπό
661 1174 799 1252 Ῥωμύλου
816 1200 899 1235 κατα-

133 1265 279 1334 σταθείσης
298 1265 431 1330 πολιτείας
457 1264 502 1320 καῖ
528 1263 589 1320 τάδε
613 1259 753 1339 ἡγησάμην
780 1263 900 1341 ἱστορίας

132 1347 202 1414 ἀξια.
229 1351 402 1424 πρῶτονμὲν,
428 1345 471 1405 ὅτι
498 1353 607 1415 πολλοῖς
632 1350 752 1421 σώμασιν
778 1346 898 1405 ἀπέδωκε

134 1435 295 1509 θεραπείαν
308 1435 337 1488 τό
353 1434 504 1507 δαιμόνιον.
530 1438 558 1490 ἐν
570 1436 638 1509 γοῦν
651 1431 717 1509 ἀίλῃ
736 1435 812 1490 πόλει
835 1455 899 1490 νεο-

134 1524 230 1595 κτίστῳ
240 1520 387 1585 τοσούτους
401 1519 477 1596 ἱερεῖς
502 1518 546 1574 καῖ
561 1521 731 1593 θεραπευταῖς
756 1522 808 1574 τῶν
825 1521 899 1574 θεῶν

134 1605 218 1671 εέθύς
231 1605 443 1675 ἀποδειχθέντας
455 1600 544 1671 οὐδεὶς
568 1601 603 1660 ἀν
627 1600 710 1660 εἰπεῖν
735 1603 798 1674 ἔχοι.
817 1603 900 1681 χωρίς

134 1694 186 1767 ηιίρ
200 1693 250 1746 τῶν
266 1693 377 1760 ἐχόντων
391 1693 437 1755 τάς
458 1691 616 1763 συμμενικιίς
634 1687 785 1764 ἱερωσύνας,
814 1687 841 1746 οῖ
864 1693 899 1744 τιὶ

135 1778 212 1831 κοιναί
225 1774 285 1850 περὶ
299 1779 345 1843 τῆς
358 1777 457 1841 πόλεως
472 1773 530 1850 ἱερά
549 1776 734 1839 συντελούντες
753 1775 821 1830 κατά
840 1795 898 1845 φυ-

134 1862 180 1924 λάς
193 1881 221 1914 τε
234 1860 280 1915 καί
294 1860 423 1934 φράτρας,
438 1860 562 1930 ἑξήκοντα
577 1861 785 1930 κατεστάθησαν
797 1857 843 1916 ἐπί
853 1862 899 1929 τῆς

134 1943 341 2019 έκείνουάρηῆς·
368 1948 433 2020 λέγω
450 1945 478 2001 όέ
504 1939 523 2001 οῖ
553 1947 689 2021 Τερέντιος
716 1940 844 2020 Ούάῤῥων
870 1948 900 2000 έν

133 2029 334 2104 ἀρχαιολογίαις
359 2029 488 2107 ἔγραψεν,
515 2027 584 2104 ἀνὴρ
603 2031 654 2086 τῶν
669 2030 738 2088 κατά
750 2031 799 2101 τήν
813 2025 898 2102 αάτήν

132 2113 236 2186 ἡλικίαν
261 2112 441 2188 ἀκμασάντων
458 2117 698 2190 πολυπειρότατος.
725 2115 823 2184 ἔπειτα,
853 2111 900 2172 ότι

132 2205 183 2256 τῶν
196 2197 281 2258 ἀλλων
294 2199 400 2272 φαύλως
414 2223 467 2266 πως
481 2201 527 2258 καί
541 2198 736 2276 ἀπερισκέπτως
744 2198 778 2265 ὥς
787 2199 832 2257 έπῖ
847 2223 898 2258 πο-

132 2287 164 2344 λύ
178 2289 344 2360 ποιουμένων
357 2289 404 2353 τάς
418 2285 530 2363 αἱρέσεις
541 2287 593 2341 τῶν
610 2287 823 2359 ἐπιστησομένων
841 2291 899 2353 τοῖς

133 2371 221 2445 ἱεροῖς,
236 2371 281 2428 καί
294 2373 346 2427 τῶν
358 2372 408 2445 μέν
421 2369 555 2446 ἀργυρίου
568 2372 598 2426 τό
606 2370 694 2446 τίμιον
701 2368 899 2447 ἀποκηρύττειν

134 2455 285 2523 ἀξιούντων,
309 2458 360 2512 τῶν
387 2456 416 2512 όέ
441 2456 526 2560 κλήρτρ
547 2454 723 2531 διαιρούντων
743 2454 898 2530 τούςῖερεῖς,

119 2544 225 2604 [κεῖνος
237 2536 303 2597 οὔτε
315 2537 589 2651 ἀνητάςχρηημάτων
588 2540 697 2613 ἐποίησε
717 2543 762 2606 τάς
783 2538 898 2616 ἱερωσύ-

98 2638 158 2689 νας,
176 2618 352 2710 οὔτεκλήρφ
361 2632 508 2712 μεριστάς,
529 2623 624 2692 ἀλίέ
624 2633 639 2666 ῑ
611 2628 772 2700 ἐλκόστης
788 2627 913 2702 φράτρας
