1890 2970
187 107 460 176 ANTlelTATVM
486 107 699 159 ROMAN.L113.
718 95 761 158 τι.
803 113 853 168 377

104 211 148 269 καλ
165 209 198 268 δι’
214 209 306 288 άλύχου
318 215 419 287 χρόνου
440 212 502 276 τούς
527 215 725 285 συμπλακέντας
751 211 856 271 ἕκαστον

104 298 272 373 τρεψάμενοι,
294 300 462 372 προσέκειντο
482 301 536 359 τοῖς
550 299 656 366 τείχεσι·
684 295 729 352 καὶ
744 296 758 351 ὁ
772 300 852 371 Μάρ-

103 403 159 446 κιος
170 380 342 454 θρασύτερον
361 376 412 450 ἤδη
423 380 597 448 κινδυνεύων,
617 383 773 456 προσωτέρω
784 382 855 452 μάλ-

102 467 149 520 λον
162 465 267 538 ἐχώρει·
282 465 327 521 καὶ
343 466 410 541 πρὸς
423 461 516 527 αύταῖς
527 468 667 540 γενόμενος
680 468 738 528 ταῖς
750 464 865 533 πύλαις,

105 551 291 604 συνεισέπιπτε
303 553 359 613 τοῖς
371 548 519 623 φεύγουσιν
538 548 574 614 εἷς
588 552 619 606 τύ
637 552 727 619 τεῖχος.
749 569 854 604 συνεισ-

102 634 235 688 πεσόντων
249 628 278 689 δ’
301 629 374 706 αὐτῷ
400 632 446 688 καὶ
466 628 549 689 άλλων
563 636 675 704 συχνῶν,
689 634 757 689 κατά
770 634 855 689 πολλά

102 718 168 789 μέρη
192 719 238 786 τῆς
257 717 355 783 πόλεως
368 718 451 789 φόνος
463 720 563 790 ἐγίνετο
576 722 603 782 ἐξ
627 715 732 790 άμφοῖν
757 715 853 782 πολύς·
920 729 924 734 “

100 803 151 854 τῶν
171 800 220 874 μὲν
246 797 298 856 άνά
323 802 384 867 τούς
409 802 566 869 στενωπούς,
593 801 686 858 τῶνδὲ
711 799 771 875 περὶ
797 804 852 866 ταῖς

70 940 73 946 ,
99 881 288 957 ἁλισκομέναις
303 882 401 949 οἲκίαις
416 888 582 960 μαχομένων,
609 885 813 990 συνελάμβανον
827 885 854 940 δὲ

98 969 148 1023 τού
161 965 251 1043 ἔρχου
254 972 310 1036 τοῖς
321 968 397 1026 ἔνδον
409 992 456 1026 και
446 968 498 1026 αἱ
518 973 650 1044 γυναῖκες,
664 966 718 1024 άπὸ
732 973 783 1024 τῶν
797 990 854 1025 στε·

98 1053 152 1125 χῶν
169 1053 319 1126 βάλλουσαι
340 1053 405 1117 τούς
428 1055 570 1128 πολεμίους
592 1058 649 1119 τοῖς
672 1056 853 1154 καλυπτῆρσι·

99 1156 144 1191 και
135 1132 264 1191 καθ’”
247 1156 313 1192 οσον
337 1138 437 1210 ἑκάστῳ
461 1157 499 1203 τις
524 1135 596 1207 ἰσχύς
621 1136 667 1193 καλ
686 1126 827 1210 δύναμις
811 1159 849 1206 ην

100 1218 248 1292 προθύμως
259 1219 399 1293 ἐβοήθουν
411 1241 443 1294 τη
432 1219 572 1294 πατρίδι.
599 1217 632 1277 ού
643 1222 734 1293 μέντοι
745 1220 789 1277 ἐπὶ
802 1242 848 1277 πο

98 1301 147 1357 λύν
159 1323 190 1376 χε
199 1305 297 1379 χρόνον
309 1307 364 1366 τοῒς
382 1302 515 1368 δεινοῖς
498 1307 633 1377 αντεῖχον,
656 1301 748 1359 ἄλλ’
733 1307 849 1378 ηναχκά·

99 1389 208 1456 σθησιιν
221 1386 392 1462 παραδοῦναι
405 1388 475 1458 σφάς
487 1383 587 1452 αύτούς
598 1390 654 1450 τοῖς
667 1391 849 1461 κεκρατηκόσι.

98 1473 194 1526 τοῦτον
208 1471 236 1527 δὲ
248 1473 295 1526 τόν
307 1471 410 1546 τρόπον
427 1469 542 1541 ἁλούσης
561 1473 607 1539 τῆς
625 1471 736 1542 πόλεως,
762 1470 849 1543 οἱμὲν

100 1550 173 1609 άλλοι
192 1551 320 1628 Ῥωμαῖοι
338 1557 405 1630 πρός
420 1553 545 1630 άρπαχήν
564 1558 615 1611 τῶν
633 1557 849 1626 ἐγκαταληφθὲν.

100 1658 151 1693 των
162 1640 325 1714 ἐτράποντο,
339 1638 471 1712 καὶμέχρι
484 1641 586 1695 πολλοῦ
601 1638 745 1706 διετέλουν,
767 1659 846 1713 προσ·

97 1724 213 1794 κείμενοι
226 1727 283 1787 ταῖς
294 1719 437 1794 ὠφελείαις,
450 1723 592 1796 χρημάτων
604 1743 632 1778 τε
645 1725 748 1780 πολλῶν
764 1722 845 1797 ὕπαρ-

94 1808 195 1875 χόντων
209 1805 254 1862 καὶ
271 1805 456 1880 ἀνδραπόδων.

160 1887 265 1948 XCIII.
287 1887 320 1946 ‘0
338 1889 365 1945 δι’
379 1891 505 1964 Μάρκιος
517 1889 534 1945 ά
546 1891 649 1965 πρῶτος
667 1890 712 1946 καὶ
725 1890 848 1963 προύπο-

96 1975 161 2037 στάς
187 1974 249 2040 τούς
272 1975 429 2045 πολεμίους,
455 1972 500 2030 καὶ
519 1976 705 2051 λαμπρότατος
723 1972 848 2030 ἁπάντων

95 2059 234 2132 γενόμενος
254 2053 390 2131 Ῥωμαλων
407 2057 435 2114 ἲν
451 2079 479 2113 τι
492 2057 525 2132 τῇ
548 2059 702 2132 τειχομαχίᾳ
725 2057 770 2113 καὶ
793 2061 848 2122 τοῖς

96 2144 168 2208 ἐντός
191 2141 293 2211 τεύχους
311 2139 409 2216 άχῶστ,
435 2144 614 2217 λαμπρότερος
632 2147 660 2198 ἐν
676 2139 713 2215 τῷ
738 2142 848 2214 δευτέρῳ

96 2222 179 2298 άχῶνι
191 2224 226 2299 τῷ
240 2228 365 2283 συστάντι
380 2227 448 2300 πρός
461 2226 522 2289 τούς
532 2221 665 2289 Ἀντιάτας
676 2224 769 2297 ἐφάνη.
785 2219 847 2279 ούδέ

93 2313 150 2411 γάρ
173 2309 271 2378 ταύτης
284 2309 438 2366 ἐδικαλοισεν
462 2306 665 2382 άπολειφόῆναι
684 2313 730 2379 τῆς
747 2311 844 2381 μάχης·

94 2387 150 2447 ἄλλ’
177 2414 275 2468 αμα
246 2415 280 2449 τω
306 2397 519 2467 κρατηθηναι
488 2415 537 2466 την
549 2397 639 2460 πόλιν,
666 2392 772 2533 όλλχους
785 2393 845 2458 τούς

93 2475 280 2548 ἀκολουθῆσαι
304 2478 467 2550 δυναμένους
483 2481 693 2556 ἐπεχόμενοςΛ
695 2478 773 2552 χώρεε
785 2477 843 2546 δοό

79 2578 135 2625 μς,
112 2578 125 2607 ι
152 2580 198 2613 και
194 2559 373 2636 καταλαόιύν
394 2566 644 2643 παρατεταχμενας
655 2553 874 2631 ’³1spququ
