1890 2970
49 2680 98 2792 Ι

139 132 173 186 76
263 120 424 177 DIONYSII
442 119 787 175 HAIJCARNASSENSIS

138 235 186 290 ιιίν
197 233 377 306 ἐξαγωγίμους
388 230 440 286 τῶν
465 227 570 286 ὑδάτων
594 230 722 306 τάφρους,
749 224 782 293 δίς
794 231 896 293 ἐντείνας

138 312 466 392 ὄράττεινῆρξοιτο,με’χρι
490 315 538 370 τοῦ
564 315 690 387 ποταμοῦ
715 317 894 390 καταγαγεῖν·

137 404 184 457 τόν
196 400 225 457 δὲ
250 397 442 476 άμφιθίοτρον
467 396 652 474 ἱππόδρομον,
679 393 760 454 οίδίν
785 395 896 462 ἴξωτῶν

137 483 273 559 κρηπίδων
285 483 387 552 ἔχοντα,
401 484 537 540 παστάσιν
560 481 716 555 δποστέγοις
729 484 894 557 περιλαβεῖν·

138 567 173 633 εἷς
186 570 273 624 ταῦτα
287 568 320 638 δὴ
339 571 436 634 πάντες
460 565 487 623 οῖ
511 570 618 636 τίίνητες
642 563 803 640 εἰργάζοντο,
831 570 895 622 σῖτα

138 649 201 728 παρ’
217 648 302 709 αὗταί
314 654 409 729 μέτρια
421 652 617 724 λαμβάνοντες·
629 650 658 706 σί
668 654 718 725 μίν
733 649 896 720 ὑλοτομοῦν-

139 759 186 804 τες,
201 735 228 793 οί
242 737 270 793 δά
278 739 324 801 τάς
336 735 495 811 κομιζοίσας
502 738 588 792 ταῦτα
595 731 820 809 ἁμάξαςάγοντες,
829 732 856 791 ολ
869 730 894 790 δ’

139 821 241 877 ἐπίτῶν
253 816 416 893 ῶμωναάτοί
428 819 462 874 τά
468 815 544 891 άχθη
555 823 685 896 φέροντες.
695 819 897 893 μιταλλιάοντίς

141 923 169 964 τε
183 903 339 978 ὑπονόμους
350 903 396 960 καί
411 903 548 979 σήραγγας
565 901 658 979 ἕτεροι,
678 900 725 960 καί
737 906 898 968 πλάττοντες

139 989 187 1054 τάς
205 991 233 1044 ίν
254 984 349 1053 αὐτοῖς
367 988 497 1064 καμάρας,
520 987 565 1043 καί
581 987 723 1054 παστάδας
741 990 895 1064 ἐγείροντες,

140 1073 186 1128 καί
199 1075 256 1138 τοῖς
267 1072 508 1148 ταῦταπράττουσι
517 1075 694 1147 χειροτέχναις
707 1071 900 1148 ὑπηρετοῦντες

139 1154 304 1226 χαλκοτίιποι
329 1176 358 1213 τε
378 1155 425 1213 καί
445 1158 563 1221 τίκτοντς
587 1157 633 1213 καί
657 1155 819 1232 λιθουργοί,
846 1159 899 1212 τῶν

140 1239 279 1296 ἰδιωτικῶν
291 1239 374 1315 ἔργων
387 1237 540 1313 άφεστῶτες,
554 1242 597 1296 ίπί
610 1244 668 1305 ταῖς
681 1240 823 1315 δημοσίαις
836 1259 901 1296 κατ-

141 1328 243 1394 είχοντο
255 1325 363 1399 χρείαις.
390 1324 451 1400 περί
465 1327 550 1381 ταῦτα
562 1323 596 1395 δη
610 1327 643 1380 τά
663 1323 728 1400 ἔργα
742 1326 902 1401 τριβόμενος

141 1409 157 1465 δ
169 1408 239 1476 λεῶς,
261 1405 390 1482 οὐδεμίαν
414 1405 569 1466 άνάπαυοιν
593 1411 755 1482 ἐλάμβανεν·
783 1404 850 1465 ὥστε
869 1407 900 1464 οί

140 1495 277 1570 πατρίκιοι
302 1495 335 1549 τά
348 1491 451 1550 τοίιτων
462 1494 533 1549 κακά
549 1492 595 1549 καί
612 1496 659 1558 τάς
677 1494 795 1570 λατρείας
812 1490 900 1569 δρῶν-

141 1599 194 1645 τες,
216 1578 322 1653 ίχαιρόν
334 1573 356 1632 τ’
371 1582 400 1635 ἐν
417 1578 497 1650 μίριι,
518 1575 565 1634 καί
585 1580 637 1633 τῶν
656 1575 730 1634 ἰδίων
747 1577 900 1635 ίπελανθά·

141 1683 219 1719 νοντα
235 1661 376 1738 άλγεινῶν·
391 1660 554 1735 κωλίιεινμέν
561 1663 616 1739 γάρ
628 1656 765 1740 οδδάτεροι
777 1663 812 1718 τά
823 1663 898 1736 χινά·

141 1768 209 1820 μενοι
223 1748 385 1821 ἐπεχείρουν.

145 1890 147 1895 ,
204 1826 293 1886 XLV.
320 1829 498 1902 Λογιζόμενος
511 1831 539 1885 δὲ
552 1829 568 1886 δ
583 1831 747 1906 Ταρκύνιος,
772 1824 816 1884 ὅτι
842 1831 900 1895 τσίς

141 1915 177 1979 τιὴ
192 1915 260 1968 κατά
274 1914 357 1985 νόμον
369 1913 485 1986 λαβοῦσι
505 1916 552 1978 τάς
564 1913 729 1981 δυναστείας,
756 1910 824 1969 άλλά
852 1913 899 1968 διά

140 1998 191 2052 τῶν
210 1993 299 2053 ὅπλων
324 1998 511 2072 κτησαμένοις,
532 1994 566 2056 οὔ
588 2000 674 2070 μόνον
693 1997 838 2071 ἐπιχωρίου
856 1997 902 2052 δελ

141 2083 268 2152 φυλακῆς,
296 2077 363 2137 άλλά
376 2080 422 2138 καί
435 2084 548 2151 ξενικῆς,
575 2084 623 2138 τόν
640 2083 854 2152 ἐπιφανέστατον
867 2084 899 2137 ίκ

140 2167 190 2223 τοῦ
202 2166 328 2223 Λατίνων
341 2164 447 2233 ἔθνους,
473 2165 520 2222 καί
531 2168 656 2223 πλείσταν
677 2164 802 2222 ἁπάντων
815 2164 903 2220 δυνά-

140 2271 229 2323 μενον,
243 2248 393 2307 ίσποίιδοσε
412 2250 491 2324 φίλον
511 2250 690 2321 ποιήσασθαι,
712 2249 747 2324 τῷ
759 2252 837 2324 γάμῳ
850 2270 902 2306 συ-

141 2335 228 2404 ζείιξας
239 2337 284 2407 τῆς
294 2335 439 2410 θυγατρός,
453 2328 482 2399 ὃς
494 2329 738 2399 ἐκολοίτοὌντάίος
750 2333 900 2404 Μαμίλιος.

141 2416 251 2497 άνίφερο
276 2419 305 2476 δι’
322 2421 353 2476 τό
376 2421 454 2494 γένος
479 2414 514 2482 είς
543 2420 690 2493 Τηλέγονον
707 2421 755 2474 τόν
768 2414 900 2480 ίξὊδυσ·

142 2506 205 2567 σε’ως
218 2504 265 2560 καί
276 2504 386 2577 Κίρκης,
400 2495 510 2576 κατῴκει
523 2497 548 2556 δθ
561 2507 589 2559 ίν
606 2504 682 2559 πόλει
698 2502 816 2575 Τίσκλῳ.
837 2501 901 2558 ίδό-

133 2608 174 2647 κει
190 2588 218 2647 δι’
232 2590 266 2648 τά
280 2588 406 2648 πολιτικά
419 2587 526 2654 συνετὸς
538 2590 563 2644 ίυ
577 2583 676 2660 δλίηοις
688 2580 764 2651 εἶναι,
778 2584 823 2641 καί
837 2608 897 2644 πο-
