1890 2970
127 173 181 235 264
248 165 409 219 DIONYSII
426 162 770 217 HALICARNASSENSIS

128 275 213 350 φυγὴ,
229 272 274 330 καί
285 273 335 330 τοίι
346 270 467 346 χόρακος
480 264 568 326 αὔκών
581 269 683 345 ἐρήμου
695 273 890 344 καταλειφθέν·

129 382 175 427 τος
188 357 241 416 ὕπό
256 360 307 415 τῶν
326 357 454 431 φυλάκων
478 351 588 418 ἅλωσις·
616 351 684 411 ὅθεν
712 355 741 412 ολ
763 351 890 430 Ῥωμαῖοι

130 445 230 506 πολλοίς
247 440 293 498 καί
319 441 402 503 καλός
428 437 525 511 ἔλαβον
549 433 689 511 ώφελείας·
717 442 852 516 συμφορά
865 462 888 496 τε

130 524 198 598 αὕτη
211 530 320 602 μεγίστη
335 524 463 587 Λατίνοις
476 525 585 595 ἐγένετο,
611 517 644 578 δι’
658 518 692 591 ἢν
705 526 753 581 ἐπί
766 528 888 582 πλεῖστον

131 612 319 681 ἐκακώθησαν,
338 608 384 664 καί
396 609 504 682 φθόρος
516 607 644 678 σωμοίτων
657 603 722 674 ὅσος
736 605 817 666 οίίπω
830 612 888 685 πρό·

131 718 217 771 τερον.
232 693 287 750 ἅπό
301 695 355 769 γιίρ
368 693 595 767 τετρακισμυρίων
606 693 703 759 πεζῶν,
733 693 781 750 καί
795 714 888 767 τρισχι-

130 783 192 835 λίων
207 778 324 844 ἱππέων,
351 771 439 848 ὥσπερ
452 774 532 845 ἔφην,
559 772 587 831 οἱ
600 777 755 846 λειφθέντες
768 780 888 842 ἐλάττους

130 864 239 940 μυρίων,
254 862 397 929 ἐσώθησαν
412 858 456 916 ἐπί
468 860 502 915 τιί
515 861 637 935 σφέτερα.

230 1010 312 1060 Cum
342 1010 507 1060 Latinis
532 1007 802 1060 debellatum.

194 1109 341 1171 Χ1[[.’σν
361 1111 444 1186 ταότη
457 1113 625 1217 λέγονται
592 1135 624 1187 τη
638 1115 710 1188 μάχη
727 1115 891 1188 Ποστουμίω

132 1220 206 1271 κετω
195 1197 361 1272 ”δτκτσίτωρι
386 1196 433 1251 καί
453 1200 508 1261 τοῖς
529 1194 590 1271 περὶ
615 1193 698 1252 αὑτόν
684 1201 891 1274 νττταγμένοις

131 1283 220 1345 ἱππεῖς
234 1279 283 1337 δίιο
295 1283 429 1352 φανῆναι,
451 1283 540 1336 κοίλλει
562 1301 589 1336 τι
612 1278 657 1335 καί
673 1284 788 1356 μεγέθει
806 1283 891 1360 μακρῷ

132 1369 264 1440 κρείττους
279 1353 316 1421 ών
328 1387 345 1434 η
334 1359 453 1421 Νκαθ
438 1366 507 1469 ημᾶς
519 1364 600 1439 φίιστς
613 1368 725 1443 ἐκφέρει,
747 1371 891 1443 ἐναρχόμε-

133 1473 175 1509 νοι
187 1451 300 1526 γενειᾷν,
316 1445 463 1523 ἡγούμενοί
477 1470 503 1504 τε
518 1453 561 1519 τῆς
571 1445 746 1523 Ῥωμαίκῆς“’
734 1473 832 1520 ιππου,
852 1451 891 1507 καί

132 1537 193 1600 τοδς
216 1534 300 1608 όμόσι
323 1536 477 1608 χωροῦντας
496 1535 547 1588 τών
559 1535 684 1589 Λατίνων
697 1538 832 1602 παίοντες
843 1538 892 1594 τοῖς

132 1621 235 1695 δόρασι,
251 1618 297 1673 καί
310 1617 502 1692 προτροπάδην
515 1617 675 1681 ἐλαύνοντες.
702 1621 751 1676 καί
763 1622 836 1693 μετσί
848 1621 890 1688 τήν

131 1705 232 1780 τροπὴν
258 1704 309 1757 τών
323 1705 446 1760 Λατίνων
460 1701 505 1756 καί
519 1704 566 1772 την
591 1696 689 1757 ἅλωσιν
704 1705 753 1759 τοῦ
779 1706 892 1780 χάρακος

132 1785 219 1844 αδτών
234 1785 295 1861 περὶ
309 1786 396 1855 δείλην
410 1783 507 1856 όφίαν,
529 1787 587 1841 τότε
607 1787 678 1853 τέλος
698 1789 841 1860 λαβούσης
852 1792 892 1856 τῆς

131 1874 221 1942 μοίχης,
236 1874 264 1926 ἐν
274 1868 307 1943 τῇ
331 1865 466 1943 Ῥωμαίων
494 1866 584 1944 σίγορηῖ
608 1872 655 1925 τόν
680 1866 768 1927 αὗτόν
796 1875 891 1947 τρόπον

132 1954 257 2025 όφθῆναι
269 1952 319 2008 δίο
334 1957 469 2009 νεανίσκοι
482 1956 611 2026 λέγονται,
625 1957 774 2026 πολεμικός
787 1956 893 2016 ἐνδεδυ-

131 2042 203 2101 κότες
215 2038 318 2104 στολιίς,
331 2038 457 2112 μήκιστοι
471 2039 516 2094 καί
528 2040 671 2106 κάλλιστοι,
687 2039 734 2095 καί
746 2043 799 2108 τὴν
813 2037 892 2108 αὗιην

131 2120 235 2191 ἡλικίαν
249 2118 444 2192 έχοντες,αὗτοί
456 2144 484 2178 τι
495 2124 673 2195 φυλάττοντες
686 2124 732 2180 en>
745 2128 802 2184 τῶν
816 2145 893 2201 προσ·

131 2206 208 2262 ώπων
221 2205 254 2271 ώς
267 2211 294 2261 ἐκ
308 2208 392 2279 μοίχης
405 2204 512 2276 ἥκοντες
526 2209 554 2262 τό
568 2208 711 2281 έναγώνιον
726 2213 828 2284 σχῆμα,
848 2207 892 2264 καί

130 2292 192 2353 τοὺς
205 2291 305 2354 ἵππους
320 2290 410 2368 ἱδρῶτι
431 2290 590 2364 διαβρόχους
607 2292 782 2364 ἐπαγόμενοι.
811 2290 885 2371 ᾅραν

131 2395 172 2440 τες
184 2374 212 2430 δέ
225 2377 276 2431 τών
289 2373 378 2430 ίππων
392 2376 522 2450 ἑκάτεροι,
551 2373 597 2431 καί
623 2371 813 2448 σλπσνίψαντες
838 2376 877 2434 dn

130 2460 175 2526 τῆς
188 2458 311 2532 λιβάδος,
337 2453 355 2529 ἢ
375 2460 448 2533 πυροί
463 2459 492 2513 τό
508 2457 578 2532 ἱερόν
592 2461 637 2527 τῆς
658 2454 768 2525 Ἑστίας
795 2459 868 2520 οίναδ

130 2540 201 2607 δωσι,
216 2543 309 2614 λίμνην
322 2544 441 2598 ποιοῦσα
452 2541 588 2614 ἐμβύθιον
602 2538 702 2616 ὀλίγην,
721 2547 832 2604 πολλῶν
847 2570 864 2603 α

130 2624 191 2688 τοὺς
202 2626 392 2697 περισιοίντων,
421 2625 507 2681 καίεί
521 2647 547 2682 τι
572 2630 702 2703 φέρουσιν
730 2627 772 2685 ἔτι
801 2652 857 2688 κατε
