1890 2970
104 106 154 161 182
240 100 400 171 DIQNYSII
417 99 756 155 flALchRNAssnusls

103 230 135 279 τη
151 208 191 274 τίς
218 196 262 278 ἦν.
287 213 315 265 ἐν
330 209 358 266 δι’·
371 209 408 284 τῶ
432 204 498 266 καθ’
511 205 580 282 ἦμάς
593 210 645 283 βίῳ
663 208 807 276 πολυτελὴς
819 211 865 279 γε’·

101 316 166 369 γονε
179 293 226 350 καί
240 291 349 362 άλαζόιν,
364 294 400 360 είς
413 294 532 351 πλοίντου
544 295 645 368 μᾶλλον
651 295 774 356 ἐπίδειξιν
789 290 807 361 ἢ
822 293 867 347 δά.

102 402 181 448 κησιν
200 377 294 454 άρετῆς
312 381 576 455 ἐπιτραγῳδουμένη,
597 379 643 435 καί
668 377 733 437 καθ’
754 375 865 434 άπασαν

104 462 181 522 ἰδίαν
191 466 317 537 ἐκβέβηκε
331 468 379 536 τήν
392 464 509 540 άρχαίαν
528 461 667 521 εὐτέλειαν.
693 467 761 538 μετά
775 463 803 519 δι’
817 465 865 534 τὴν

104 551 216 621 πομπήν
227 571 255 605 τε
269 550 314 605 καί
326 551 432 606 θυσίαν
446 550 511 606 νεῶν
524 551 726 613 κατασκευάσας
739 545 865 623 όῬωμίι-

104 639 150 700 λος
162 634 207 691 ἐπί
220 639 266 705 τῆς
279 637 400 710 κορυφῆς
413 638 461 691 τοῦ
481 637 659 690 Καπιτωλίου
685 637 773 704 λόφου
799 635 865 696 Διός

104 716 136 775 δν
150 721 309 777 ἐπικαλοῦσι
331 715 460 792 Ῥωμαῖοι
477 721 633 793 Φερίτριον,
658 715 691 775 οδ
710 722 810 792 με’γαν·
826 718 866 774 ότι

103 808 155 879 γάρ
189 802 276 860 αὐτοῦ
301 805 410 871 σώζεται
436 802 550 879 άρχαῖον
575 807 654 874 ἴχνος,
681 807 822 869 ἐλάττονας
849 799 866 872 ἢ

105 892 183 945 πέντε
199 890 291 945 ποδῶν
309 887 355 944 καί
370 890 432 946 δέκα
446 892 493 954 τάς
518 890 622 959 μείζους
647 890 763 965 πλευράς
785 888 865 957 ἔχων·

106 978 133 1028 ἐν
147 975 231 1047 τοὺτῳ
245 978 411 1049 καθιερῶσαι
424 977 457 1030 τά
471 977 556 1030 σκίλλα
570 977 619 1030 τοῦ
633 977 767 1031 Καινιτῶν
785 976 863 1047 βασι·

105 1062 174 1125 λείος,
202 1055 233 1116 δν
249 1058 401 1135 αδτοχειρίηι
414 1062 618 1131 κατειργάσατο,
646 1060 748 1131 διέγνω.
773 1060 821 1114 τὸν
836 1058 865 1112 δὲ

104 1147 159 1200 Δία
172 1148 220 1200 τὸν
237 1145 401 1219 Φερίτριον,
414 1133 433 1218 ᾧ
448 1149 480 1200 τά
499 1141 570 1200 ὅπλα
587 1141 746 1217 ὄῬωμιίλος
765 1140 867 1212 άνὲθη·

104 1249 155 1293 κεν,
170 1232 220 1285 εἴτε
233 1231 363 1301 βοδλεταί
376 1251 414 1292 τις
431 1233 632 1304 Ἰροπαιοδχον,
652 1231 703 1285 εἴτε
722 1231 867 1299 Σκυλοφιί·

106 1335 153 1387 ρον
166 1318 266 1380 καλεῖν,
281 1314 315 1378 ῶς
328 1313 435 1380 άξιοῒισί
447 1336 513 1380 τινες
527 1310 590 1381 εἴθ’,
605 1311 647 1369 ὅτι
661 1317 767 1370 πάντων
787 1313 866 1388 ὓπερ-

104 1400 156 1467 ίχει
170 1400 216 1456 καί
228 1401 319 1455 πάσαν
332 1404 360 1455 ἐν
374 1399 460 1471 κίικλιρ
479 1400 630 1475 περιείληφε
648 1402 697 1469 τὴν
716 1397 866 1454 τῶνόντων

105 1485 189 1554 φύσιν
202 1484 287 1540 τεκαὶ
300 1485 421 1553 κίνησιν,
438 1481 641 1558 ’Υπερφερὲτηη
675 1480 726 1553 οὐχ
744 1482 867 1557 ἁμαρτή-

104 1591 180 1625 σεται
193 1574 238 1639 τῆς
254 1568 392 1638 άληθείας.

168 1653 292 1712 XXXV.
315 1652 362 1717 Ὡς
377 1651 399 1709 δ’
421 1653 540 1711 άπέδωκε
554 1657 610 1720 τοῖς
621 1657 698 1718 θεοίς
712 1653 727 1708 ὁ
740 1654 868 1725 βασιλεὺς

104 1743 151 1802 τάς
172 1741 362 1814 χαριστηρίους
388 1742 490 1802 θυσίας
505 1761 532 1794 τε
549 1739 596 1794 καί
614 1737 743 1813 άπαρχάς,
771 1736 866 1812 πρίνῆ

104 1827 155 1878 τῶν
170 1819 255 1880 ἄλλων
269 1823 296 1878 τί
320 1823 531 1897 διαπράξασθαι,
558 1827 660 1896 βουλὴν
673 1826 790 1880 ἐποιεῖτο
804 1823 867 1896 περί

106 1911 157 1963 τῶν
175 1912 363 1981 κρατηθεισῶν
390 1912 506 1974 πόλεων,
532 1905 563 1963 ὅν
586 1931 645 1965 τινα
665 1911 795 1984 χρηστέον
815 1905 867 1963 ατί,

105 1996 163 2055 ταῖς
176 1996 284 2065 τρόπον,
313 1990 393 2054 αὐτὸς
406 1989 438 2059 ἢν
455 1992 624 2065 ὑπελάμβανε
642 1996 785 2069 κρατίστην
798 1993 867 2066 γνῶ·

105 2101 157 2146 μην
169 2072 245 2144 εἶναι,
259 2081 364 2148 πρῶτος
377 2077 590 2150 άποδειξάμενος.
616 2077 650 2143 ῶς
669 2077 696 2132 δὲ
709 2075 796 2133 ἅπασι
809 2081 868 2142 τοῖς

106 2163 181 2236 ἐντῶ
206 2162 335 2235 συνεδρίῳ
347 2166 483 2238 παροῦσιν
509 2159 555 2231 ἥτε
573 2161 708 2234 άσφάλεια
733 2164 784 2217 τῶν
796 2163 866 2235 βου-

106 2250 240 2319 λευμάτων
250 2251 298 2302 τοῖν
312 2244 442 2321 ἡγεμόνος
454 2245 548 2317 ἤρεσκε
565 2248 611 2304 καί
624 2244 640 2318 ἡ
654 2250 815 2325 λαμπρότης,
830 2249 866 2303 τά

106 2353 133 2386 τε
146 2327 213 2388 άλλα
224 2329 276 2388 ὅσα
291 2336 316 2398 ἐξ
329 2329 417 2388 αὐτῶν
428 2333 566 2406 γενήσεται
593 2333 626 2408 τῇ
644 2336 719 2389 πόλει
734 2332 865 2404 χρήσιμα,

105 2412 153 2472 οὐκ
167 2422 194 2471 ἐν
208 2417 243 2490 τῶ
254 2421 416 2492 παραχρῆμα
442 2419 535 2487 μόνον,
564 2414 630 2474 άλλά
644 2418 741 2482 καίείς
755 2411 866 2475 ἅπαντα

105 2503 152 2553 τόν
166 2496 246 2555 ἄλλον
257 2507 356 2574 χρόνον
370 2505 502 2576 ἐπῃνεῖτο.
519 2505 662 2558 συνελθεῖν
674 2505 727 2577 γάρ
739 2500 867 2571 κελείισας

83 2576 151 2636 α”ααι
165 2588 220 2643 τοῦ
233 2608 264 2644 τι
271 2580 455 2665 Ἀντεμνατῶν
472 2586 520 2645 καὶ
537 2589 587 2645 τοίι
609 2590 741 2644 Καινιτῶν
754 2587 864 2659 ἐτίικχα-
