1890 2970
124 108 191 174 '134
277 110 438 162 οεοατοτε
453 107 795 165 κατιοεειακοεααεεο

139 226 221 286 σθαι,
250 218 523 292 παρασκευασάμενός
548 237 575 273 τε
594 212 646 274 ὅσα
671 214 718 284 εἶς’
732 220 835 283 θυσίας
859 217 907 275 καλ

139 303 274 374 ὑποδοχάς
287 305 336 360 τοῦ
349 301 397 358 λεόε
417 302 550 376 χρησίμως
572 299 636 367 ἕξειν
660 301 777 375 ἔμελλεν,
792 301 825 368 ὡς
838 292 904 374 ἧκεν

137 391 153 444 ό
167 389 336 463 συγκείμενος
346 390 450 464 χρόνος,
467 383 581 452 αάτόςτε
594 387 900 461 προθίιοαςτοίςθεοῖς,

137 473 257 538 καὶτοὺς
275 467 372 535 άλλους
399 470 524 537 κελεύσας
549 473 618 528 κατά
643 472 758 544 δίναμιν
782 474 815 529 τό
829 469 900 530 αδτό

139 559 213 635 δρρίν,
228 557 344 634 όρνιθας
369 558 417 628 μέν
432 559 545 630 πρῶτον
553 554 647 622 άετυελς
670 559 819 632 λαμβάνει·
832 562 901 630 μετά

138 644 164 700 δὲ
179 648 260 700 τοῦτο
274 644 407 717 πυρκαϊάς
421 643 473 717 πρό
488 644 538 697 τῶν
553 645 657 712 σκηνῶν
669 645 800 717 γενέσθαι
813 643 902 699 κελεό-

136 749 192 795 σας,
221 729 307 796 ἐξάγει
332 727 379 780 τόν
393 726 516 790 λεώντιίς
542 729 645 800 φλόγας
665 726 898 801 ὑπερθρώσκοντα

137 817 181 883 τῆς
209 811 339 876 ὁσιώσεως
351 813 403 865 τῶν
415 812 574 883 μιασμάτων
598 809 683 867 ένεκα.
707 809 765 868 ἐπεί
780 810 808 867 δέ
831 815 896 881 πάν,

137 893 202 954 όυον
216 886 249 965 ἦν
261 900 289 951 ἐκ
303 897 433 969 λογισμοῦ
448 899 524 958 θεοῖς
538 897 626 966 φίλον,
648 891 711 969 ᾤετο
730 898 898 972 πεπράχθαι,

136 982 247 1046 καλέσας
261 976 382 1043 ἅπαντας
395 977 431 1044 είς
444 980 490 1033 τόν
505 977 703 1050 ἀποδειχθέντα
717 983 812 1046 τόπον,
827 1002 900 1058 περι-

136 1068 235 1140 γράφει
249 1068 412 1140 τετράγωνον
427 1067 514 1136 σχῆμα
542 1065 578 1138 τῷ
591 1067 672 1139 λόφῳ,
700 1067 766 1138 βοός
788 1059 901 1139 όίρῥενος

140 1148 197 1223 άμα
216 1151 315 1223 θηλείᾳ
329 1152 483 1218 ζευχθέντος
506 1145 550 1204 ὕπ’
571 1145 696 1227 άροτρον,
720 1148 831 1214 ἑλκύσας
845 1148 900 1206 αίί-

138 1238 205 1289 λακα
218 1234 332 1303 διηνεκῆ,
346 1237 394 1301 τήν
406 1235 555 1304 μέλλουσαν
564 1232 745 1298 ὑποδέξεσθαι
758 1237 788 1290 τό
802 1237 901 1306 τεῖχος·

137 1323 165 1379 ἐξ
176 1307 210 1374 οὗ
221 1316 361 1390 Ῥωμαίοις
373 1321 454 1373 τοῦτο
469 1319 514 1386 τῆς
532 1321 710 1394 περιαρόσεως
728 1322 781 1374 τῶν
796 1321 902 1396 χωρίων

139 1408 167 1458 ἐν
194 1402 330 1475 οίκισμοῒς
354 1404 456 1457 πόλεων
482 1405 637 1476 παραμένει.
664 1405 846 1478 ἐργασάμενος
873 1405 901 1461 δὲ

138 1490 232 1553 ταῦτα,
247 1488 292 1542 καί
306 1490 357 1541 τῶν
376 1487 449 1555 βοῶν
463 1488 602 1560 ἑκατέρους
622 1486 755 1562 ἱερεύσας,
773 1487 860 1545 άλλων
874 1512 901 1566 τι

36 1576 41 1582 ’
137 1575 242 1629 πολλῶν
261 1573 393 1644 θυμάτων
416 1572 619 1646 καταρξάμενος,
640 1573 765 1643 ἐφίστησι
784 1577 840 1637 τοῖς
859 1573 901 1648 έρ-

137 1679 194 1730 γοις
220 1659 268 1713 τόν
293 1657 349 1712 λεώ.
372 1655 472 1724 ταότην
498 1655 535 1711 έτι
550 1657 594 1712 καί
620 1653 713 1730 εἰςίμέ
737 1657 786 1726 τόν
798 1653 901 1733 ἡμέραν

136 1738 273 1814 Ῥωμαίων
287 1739 302 1812 ί]
317 1742 497 1814 πόλιςέυρτῶν
511 1736 639 1815 οὐδεμιᾶς
651 1735 750 1806 ἥττονα
762 1745 899 1815 τιθεμένη,

137 1823 202 1880 καθ’
218 1823 330 1880 ἕκαστον
343 1824 400 1887 έτος
413 1820 487 1897 άγει,
502 1828 622 1882 καλοῦσα
642 1826 771 1902 Παρίλια
794 1826 901 1884 θύουσι

138 1905 160 1962 δ’
175 1915 202 1964 ἐν
217 1905 286 1984 οὔτῇ
311 1910 372 1984 περί
384 1912 465 1982 γονῆς
488 1910 658 1984 τετραπόδων
682 1909 709 1966 οί
726 1910 840 1986 γεωργοί
852 1912 899 1967 καί

137 1998 226 2066 νομεῖς
240 1995 343 2049 θυσίαν
354 1994 528 2069 χαριστήριον
541 1994 618 2070 ἔαρος
636 1992 794 2069 άρχομένου.
816 1997 899 2052 πότε-

137 2098 185 2153 ρον
199 2079 227 2134 δὲ
241 2079 402 2155 παλαίτερον
416 2077 454 2134 έτι
467 2080 516 2147 την
535 2075 636 2153 ἡμέραν
655 2079 756 2150 ταύτην
770 2084 797 2135 έν
810 2075 898 2136 τόπα-

135 2163 226 2229 θείαις
239 2163 457 2234 ἐπιτηδειοτάτην
483 2162 595 2237 οἰκισμῷ
609 2166 706 2228 πόλεως
715 2165 854 2234 ἐνόμισαν,
882 2162 899 2232 ί,

135 2250 183 2302 τοῦ
198 2250 342 2322 κτίσματος
352 2243 479 2323 όίρξαντος
491 2247 565 2320 ίιροίν
571 2249 740 2318 ἐποιήσαντο,
756 2248 801 2303 καί
814 2250 900 2314 θεοὺς

135 2336 161 2387 ίν
176 2328 246 2408 αὗτῂ
260 2333 322 2396 τοδς
336 2334 443 2404 ποιμέσι
466 2333 559 2402 φίλους
584 2333 716 2408 γεραίρειν
729 2327 814 2407 ρίοντο
828 2333 896 2402 δεῖν,

134 2413 183 2471 οὐκ
196 2416 244 2484 ἔχω
258 2418 375 2488 βεβαίως
389 2413 481 2472 εἰπεῖν.

196 2497 354 2554 LXXXIX.
366 2495 393 2554 Ἄ
405 2501 455 2573 μέν
467 2487 516 2554 οὖν
530 2500 589 2574 ἐμοί
603 2502 715 2575 δύναμις
726 2503 829 2574 ἐγένετο
843 2501 897 2560 αδν

119 2582 213 2653 πολλά
217 2583 350 2659 φροντίδι
365 2581 500 2665 άνευρείν,
517 2580 652 2661 Ἑλλήνων
667 2609 696 2644 τε
710 2580 905 2658 mmmmm
