1890 2970
132 118 169 170 50
245 101 404 156 DIONYSH
423 102 767 155 HALICARNASSENSIS

133 213 264 270 τὸκοινόν
277 211 453 275 καταθείναι,
469 206 515 265 καί
529 209 574 264 διά
593 210 680 265 ταῦτα
693 212 792 278 πολλῆς
804 213 883 284 όπιμε

132 298 202 358 λείας
215 297 356 370 τυγχάνειν
371 294 436 369 πρός
449 296 501 350 τῶν
517 291 724 367 όποδιξαμένων.
738 296 821 350 τοῦτο
835 294 881 351 δεί

133 403 210 454 τερον
224 381 305 445 ἔθνος
313 375 476 450 Ἑλληνικόν,
496 380 565 452 μετὰ
584 380 753 453 Πελασγοδς,
767 377 884 453 άφικόμι
933 388 937 455 ἱ

132 487 180 523 νον
194 463 229 530 εἷς
240 461 364 531 Ἰταλίαν,
380 465 474 532 κοινήν
493 463 552 532 ἔσχε
571 465 638 534 μετά
657 468 709 520 τῶν
725 461 892 539 Ἀβοριγίνων
934 460 937 513 ἱ

134 553 245 620 οἴκησιν,
272 551 351 623 ἐντῷ
376 551 508 622 κρατίστῳ
534 551 579 617 τῆς
588 547 691 619 Ῥώμης
716 547 890 624 ἱδρυσάμενοι
934 518 937 653 Ξ

132 637 225 711 χωρίω.
934 656 937 719 ρ

194 717 332 777 XXXIV.
357 712 544 790 ’ολίγοιςδ”’
527 738 641 792 υστερον
660 717 728 774 ἔτεσι
747 719 815 789 μετά
833 721 937 825 τούς1
928 726 937 769 1

132 800 265 881 Ἀρκάδας,
283 799 397 866 αλλος
374 823 411 866 εις
422 797 572 857 Ἰταλίαν”
553 806 706 873 αφικνεῖται
732 805 826 869 στόλος
835 799 894 859 Ἑλ-

132 885 278 959 ληνικός,”
259 908 373 964 αγοντος
383 882 585 959 “Ηρακλεόυς,““
570 908 598 949 ος
599 881 729 987 Ἰβηρίαν
741 886 787 942 και
800 889 834 943 τά
844 889 896 960 μί-

130 997 175 1048 χρι
130 974 297 1047 χόυομῶν
310 970 387 1042 ἡλίου
396 991 589 1045 χειρωσααενος
595 993 635 1038 ην
649 958 706 1036 εξ
688 992 724 1026 ων
737 992 805 1036 τινες
814 968 896 1050 Ηρα

133 1060 194 1116 κλέα
220 1061 462 1162 παραιτησάμενοι
469 1059 514 1124 τῆς
536 1057 723 1130 πραγματείας
742 1052 937 1128 άφεθῆναι,

131 1144 191 1217 περὶ
206 1147 292 1199 ταῦτα
306 1164 340 1197 τα
333 1139 462 1215 ’(χωρία
450 1141 600 1211 υπόμειναν,
616 1162 662 1196 και
652 1140 831 1206 πολίζονται
843 1145 894 1199 λό-

131 1248 184 1298 φον
196 1229 345 1295 ε’πιτηδειον
358 1224 485 1300 είιρόντες,
501 1223 645 1297 τρισταδίῳ
664 1226 693 1281 δὲ
704 1228 822 1298 μάλιστα
839 1228 894 1298 μή-

131 1333 171 1366 κει
184 1315 233 1368 τοῦ
248 1311 405 1367 Παλαντίαν
420 1310 608 1384 όιειργόμενον,
623 1305 652 1373 ὃς
673 1312 721 1365 νῦν
733 1313 783 1383 μὲν
801 1319 894 1366 Καπι-

131 1401 240 1460 τωλῖνος
259 1394 429 1469 ὀνομάζεται,
460 1393 511 1450 ὑπό
531 1394 559 1449 δὲ
580 1396 631 1449 τῶν
655 1397 715 1450 τότε
740 1391 895 1469 άνθράιπων

133 1485 282 1555 Σατόρνιος
295 1483 405 1554 ἐλέγετο,
420 1474 509 1551 ὥσπερ
521 1475 555 1537 άν
568 1481 641 1534 εἴποι
653 1478 694 1542 τίς
711 1475 820 1535 Ἐλλάδι
837 1500 894 1550 φω-

132 1565 172 1638 νῇ,
186 1567 310 1640 Κρόνιος.
337 1565 388 1618 τῶν
402 1564 430 1618 δὲ
445 1562 663 1634 ὑπολειφθέντων
677 1564 704 1619 οἳ
716 1565 766 1631 μίν
785 1565 893 1631 πλείους

133 1640 204 1717 ἦσαν
222 1649 446 1717 Πελοποννήσιοι,
466 1647 605 1704 Φενεᾶταί
617 1668 645 1703 τε
658 1648 703 1704 καὶ
712 1644 815 1705 Ἐπειοί
829 1646 857 1704 οἳ
869 1653 895 1713 ἐξ

128 1730 243 1798 Ἤλιδος,
258 1729 299 1798 οἷς
312 1730 399 1788 οόκίτι
417 1733 508 1795 πόθος
521 1721 553 1784 ίιν
577 1737 623 1801 τῆς
636 1734 726 1788 οἴκαδε
744 1733 820 1800 ὁδοῦ,
836 1733 895 1788 δια-

133 1812 442 1892 πεπορθημένηςαδτοῖς
456 1819 502 1884 τῆς
508 1816 636 1892 πατρίδος
648 1821 676 1873 όν
686 1819 722 1891 τῷ
737 1820 804 1891 πρός
814 1813 895 1891 Ἡρα·

135 1904 197 1957 κλέα
227 1904 340 1973 πολέμῳ.
354 1904 478 1972 ἐμέμικτο
506 1901 534 1957 δέ
546 1923 572 1956 τι
584 1901 630 1956 καί
656 1904 777 1978 Τρωϊκόν
804 1898 897 1969 αὐτοῖς

134 1989 185 2041 τῶν
199 1985 244 2041 ἐπί
256 1984 447 2056 Λαομέδοντος
460 1983 631 2056 αἰχμαλώτων
653 1990 679 2051 ἐξ
689 1982 770 2042 Ἰλίου
782 1988 895 2059 γενομέ-

134 2090 198 2136 νων,
226 2091 270 2125 οτε
283 2093 329 2138 της
355 2071 453 2132 πόλεως
462 2067 595 2142 Ἡρακλῆς
615 2073 751 2144 ἐκράτησε.
776 2070 850 2127 δοκεῖ
866 2070 897 2128 δὲ

131 2176 197 2258 μοι
194 2154 239 2210 και
251 2157 300 2210 τοῦ
319 2151 401 2210 άλλου
416 2154 532 2254 στρατοῦ
547 2155 616 2219 πάν,
648 2157 674 2209 ει
689 2177 715 2211 τι
737 2157 896 2230 καματηρόν

133 2239 149 2308 ἢ
164 2261 195 2312 τη
185 2239 299 2314 πλάνη
313 2225 496 2311 άγθόμενον
481 2259 521 2306 ην,
536 2233 636 2310 άφεσιν
646 2261 691 2310 της
705 2237 883 2317 στρατείας’
853 2262 895 2296 αι·

133 2326 290 2424 τηοάμενον,
307 2345 333 2380 εν
347 2344 381 2377 τω
367 2323 522 2398 χωρίον
493 2322 584 2379 τάδε(
572 2329 723 2396 υπομεῖναι.
741 2328 772 2381 τό
787 2318 847 2380 δὲ’
829 2345 896 2380 ονο-

132 2431 170 2478 μα
182 2430 218 2481 τῳ
207 2408 305 2482 ’λόφῳ
318 2409 385 2471 τινὲς
396 2429 453 2480 μιν,
469 2402 557 2483 ὥσπερ
571 2406 647 2480 ἔφην,
661 2405 776 2484 άρχαῖον
789 2409 896 2466 οἴονται

134 2488 209 2555 εἶναι,
224 2493 270 2548 καί
285 2489 356 2564 αὐτῷ
369 2492 432 2557 τούς
446 2489 568 2555 Ἐπειοὺς
589 2488 639 2560 οὐχ
658 2489 756 2564 ἥκιστα
775 2498 895 2565 φιλοχω-

116 2579 205 2642 ρῆσαι
216 2576 258 2648 τῷ
264 2578 342 2650 λόφῳ
350 2577 446 2655 μνήμη
460 2579 510 2634 τοῦ
522 2572 652 2635 ἐν”Ηλιόι
668 2578 790 2653 Κρονίου
802 2581 906 2646 λόφου,
