1890 2970
92 104 146 161 186
219 50 379 151 nlfflwsn
399 95 743 150 HALICARNASSENSIS

91 204 224 281 ἐρίμασιν
237 205 355 280 λγείρων,
370 203 431 271 τοῦς
445 204 474 261 a&
493 206 705 278 παρακειμένους
723 197 797 276 σίτῳ
785 200 854 259 λά·

91 312 169 364 φους,
183 293 231 348 τάν
246 311 273 347 τε
256 284 432 395 Αῇιντῖνγιν
445 290 491 347 καί
517 293 565 347 τάν
590 290 781 346 Καπιτωλῖνον
805 291 854 344 νῦν

91 373 267 450 λιγόμενον’
248 375 445 448 αποταφρείιων
465 374 511 432 καί
526 375 703 450 χαρακώμασι
717 377 855 448 καρτεροῖς

92 463 306 537 περιλαμβάνων,
320 467 348 519 ἐν
361 463 400 523 οἱς
414 462 448 517 τά
462 461 575 533 ποίμνια
588 460 634 516 καί
647 461 709 527 τοίς
720 480 854 535 γεωργους

92 544 252 614 αὐλίζεσθαι
272 548 320 610 τάς
332 544 429 610 νίκτας
441 549 572 612 ἐπέταξεν,
599 545 715 619 ἐχεγγάῳ
741 547 853 650 φρουρᾷ

92 633 345 705 καταλαμβάνωνὲ
347 632 465 706 κάτερον,
494 631 540 686 καί
566 632 592 686 εί
614 652 640 685 τι
666 626 731 687 ἄλλο
752 630 853 703 χωρίον

91 711 241 788 ἀσφάλειαν
270 713 363 780 αὐτοῖς
386 718 509 790 παρέξειν
522 715 633 788 ἔμελλεν,
655 713 853 788 άποταφρεὺων

91 803 138 858 καί
151 804 343 876 περισταυρῶν,
359 823 405 857 και
395 801 464 857 διά
477 800 626 872 φυλακῆς”
610 820 683 868 εχων.
696 789 744 870 ἧκε
758 796 835 856 δὲ’
799 820 853 855 αι-

91 888 126 942 τῶ
144 887 288 960 Τυρρηνῶν
300 881 481 961 ἐπικουρίαν
471 886 566 954 ικανὴν
585 881 658 961 άγων
671 889 699 940 ἐκ
714 887 853 941 Σολωνίου

92 974 189 1035 πόλεως
202 969 270 1048 άνὴρ
284 971 454 1046 δραστήριος,
474 993 521 1027 και
512 970 569 1026 τά
581 971 695 1040 πολέμια
713 970 776 1047 ἔργα
789 970 852 1026 δια-

92 1059 187 1128 φανὴς,
200 1058 334 1128 Λοκόμων
348 1055 443 1126 ὄνομα,
463 1058 541 1125 φίλος
559 1052 592 1112 οὗ
620 1057 672 1130 πρὸ
697 1058 799 1112 πολλοῦ
811 1076 854 1130 γε·

92 1142 189 1246 γονάς·
216 1141 260 1199 καί
280 1143 354 1216 παρά
378 1136 509 1212 Ἀλβανῶν
527 1136 629 1214 ἄνδρες,
647 1135 723 1205 οίςό
743 1142 854 1204 πάππος

92 1228 209 1300 ἔπεμψεν
242 1222 328 1299 αὐτῷ,
355 1225 464 1295 συχνοὶ,
491 1228 652 1300 στρατιῶταί
669 1247 696 1281 τε
719 1226 765 1281 καί
785 1224 854 1294 ὑπη-

92 1311 364 1381 ρὲται,καίττχιῖται
391 1310 579 1383 πολεμικῶν”
565 1332 655 1414 τργων.
676 1332 750 1373 σιτος
765 1310 793 1365 ὅτ
807 1333 854 1366 και

92 1392 163 1453 ὅπλα
178 1396 225 1451 καί
238 1391 291 1452 ὅσα
306 1395 439 1458 τοιούτοις
458 1398 603 1469 πρόσφορα
616 1417 657 1463 ην,
672 1393 854 1460 καίείςάπαν·

92 1503 125 1537 τα
132 1484 345 1584 ’ἐπεχορηγεῖτο
378 1479 435 1536 ἐπεὶ
459 1480 488 1535 ῶὲ
514 1485 578 1537 ἔνὲ
567 1486 663 1554 τοιμω
677 1503 710 1536 τα
723 1504 790 1556 προς
807 1484 855 1538 τίν

91 1565 181 1641 άγωνοι
200 1555 232 1635 ἦν
244 1563 416 1640 ἑκατέροις,”
401 1562 635 1670 εαροςάρχομὲνου
647 1569 824 1640 μίλλοντες’
796 1569 853 1630 εςά-

90 1673 147 1726 γειν
161 1649 315 1725 οίΣαβῖνοι
328 1652 374 1717 τάς
394 1649 563 1723 ὄυνάμεις,’
554 1653 671 1723 ι’γνωσαν
692 1650 854 1708 άποστείλαι

92 1737 235 1811 πρεσβείαν
249 1734 385 1812 πρῶτον’
367 1757 400 1800 ως
414 1737 475 1801 τούς
489 1739 641 1809 πολεμίους,
656 1738 702 1801 τάς
715 1758 742 1792 τι
754 1741 853 1810 γυναῖ-

91 1843 141 1882 κας
153 1816 323 1885 άξιῶσουσαν
337 1819 495 1894 άπολιιβεῖν,
523 1821 569 1877 καί
583 1822 657 1886 δίκας
671 1820 738 1896 ὑπὲρ
762 1818 853 1878 οὔτῶν

92 1904 260 1975 αἰτήσουσαν
288 1911 334 1977 τῆς
359 1904 497 1983 ἁρπαγῆς·
518 1905 563 1962 ἵνα
576 1906 608 1977 dvj
623 1903 656 1962 δι’
673 1905 794 1980 άνάγκην
810 1907 854 1964 do·

91 1992 172 2047 κῶσιν
198 1986 367 2063 άνειληφένοιι
386 1994 433 2047 τὸν
453 1993 584 2063 πόλεμον,
617 1987 651 2047 οιί
678 1993 854 2073 τυγχάνοντες

92 2078 143 2131 τῶν
158 2073 282 2132 δικαίων·
297 2076 342 2132 καί
357 2076 418 2140 τούς
432 2077 548 2150 κάρυκας
562 2076 680 2151 ε’πεμπον
698 2077 743 2133 ε’πί
758 2080 853 2135 ταῦτα.

90 2156 189 2231 Ῥωμίιλ
192 2180 226 2260 ρυ
252 2157 323 2215 ὅτ’
305 2161 443 2226 αξιουντσς
467 2163 515 2225 τάς
531 2162 580 2234 μὲν
594 2166 734 2236 γυναῖκας,
761 2162 854 2230 ἐπειῶὴ

91 2240 155 2301 οὐδ’
169 2239 266 2309 αὐταῖς
279 2243 409 2310 άκοίισαις
428 2247 442 2302 ὁ
461 2249 529 2321 μετά
542 2250 594 2302 τῶν
608 2245 712 2322 άνόρῶν
734 2235 824 2321 βίος
808 2269 852 2318 ην,

90 2332 137 2404 ἐᾷν
150 2332 225 2405 παρά
239 2334 294 2394 τοῖς
305 2333 469 2404 γεγαμηκόσι
482 2334 583 2401 μένειν·
603 2331 668 2391 τιδι’
680 2353 752 2399 τινος
766 2328 853 2389 ἄλλον

91 2387 205 2483 δίαιται,
221 2414 398 2489 λαμβάνειν“
380 2438 414 2482 ως
427 2417 501 2492 παρά
519 2420 617 2490 φίλων,
639 2420 757 2493 πολέμου
771 2417 800 2476 δὲ
812 2419 852 2491 μὴ

90 2495 193 2574 άρχειν·
221 2500 248 2557 οἶ
262 2501 289 2557 δὲ
303 2497 394 2557 οὖάενί
420 2503 470 2557 τῶν
490 2498 652 2576 ἀξιουμένων
674 2502 852 2560 ὒπακοίισαν-

82 2604 129 2650 τες,
146 2587 245 2660 ις’ᾇγαν
257 2586 307 2658 τήν
316 2589 457 2665 στρατιάν,
472 2587 564 2657 πεζοὺς
582 2590 628 2664 μὲν
654 2583 766 2665 άγσντες
789 2609 852 2644 πεν-
