1890 2970
89 104 124 158 38
209 96 369 148 DIONYSII
384 93 731 150 HALICARNASSENSIS
843 92 848 124 ¹

89 203 209 275 ἐγίνοντό
220 223 248 257 τε
262 198 352 259 οὐδενὶ
368 204 460 278 κόσμῳ
479 201 508 258 οἶ
520 205 734 274 ἐπαναστάσεις,
768 198 846 271 άλλά,

88 284 174 364 ὥσπερ
188 284 265 357 εῖκός,
280 290 375 364 οἴστρῳ
387 285 607 364 καὶθεοβλαβελρι
614 285 845 362 άπελαυνόμεναι·

88 372 134 429 καὶ
157 374 244 428 πολλά
264 375 373 446 ἐφέστια
386 369 437 430 ὅλα
449 373 609 446 ἐξηλείφθη,
632 376 731 477 με’ρους
758 369 847 430 οὔτῶν

87 460 299 564 μιθισταμὲνου.
327 453 361 515 οὔ
385 460 440 533 γάρ
464 457 644 516 ἐδικαίουν
617 479 644 514 οι
670 460 846 534 προσήκοντες

87 546 144 607 τοῖς
155 544 270 607 ἐξιοῦσιν
281 540 482 600 άπσλεὶπεσθοιὶ
494 565 521 598 τι
534 546 586 600 τῶν
605 544 748 642 φιλτάτων,
762 564 809 599 ιιαι
798 543 848 599 ἐν

88 631 144 692 τοῖς
155 626 319 697 ἐχθίστοις’
306 630 455 700 υπσμένειν.
461 630 625 735 πρῶτσιμέν
639 615 715 698 δη
680 648 844 704 ουτοιμετα-

87 715 228 776 ναστάντες
253 715 280 776 ἐξ
302 707 474 781 Ἰταλίας,”
449 735 484 778 εις
508 735 536 769 τι
549 716 597 785 τὴν
606 709 722 770 Ἑλλάδα
741 713 790 770 ιιαι
801 733 847 782 της

86 797 232 872 βαρβάρου
245 798 346 866 πολλὴν
359 799 563 868 ἐπλανήθησαν.
576 819 644 871 μετα
637 798 687 854 δὲ
700 799 763 864 τοὺς
775 796 845 872 πρόι-

86 903 147 945 τους
161 879 245 957 ἕτεροι
257 885 288 938 τό
302 878 370 938 αὐτὸ
384 881 490 940 ἔπαθον
501 902 508 917 ·
519 883 565 939 καὶ
583 886 663 939 τοῦτο
684 882 792 940 διετέλει
805 901 846 956 γι·

88 970 198 1040 νόμενον
212 962 265 1023 ὅσα
278 966 331 1038 ἐτη.
347 963 380 1023 οὗ
392 969 446 1044 γάρ
469 965 580 1024 άνὶεσαν
593 967 620 1024 οἶ
641 965 846 1034 δυνοστεόοντες

85 1054 113 1106 ἐν
126 1055 185 1115 ταῖς
196 1054 297 1119 πόλεσι,
313 1055 359 1122 τῆς
374 1049 554 1127 ἀνδρουμένης
573 1050 616 1109 άεὶ
635 1055 759 1123 νεότητος
771 1055 845 1117 ἐξαι-

86 1134 216 1239 ροάμενοι
236 1138 283 1201 τοὶς
309 1135 450 1212 άπαρηιάς,Ι
472 1140 529 1202 τοῖς
553 1159 581 1192 τε
599 1142 678 1203 θεοῖς
696 1139 730 1193 τά
749 1136 845 1193 δίκαια

87 1220 230 1295 ὑπουργεῖν
247 1218 395 1289 άξισῖιντες,
423 1221 469 1278 καὶ
473 1221 665 1300 στασιασμοὺς
676 1225 705 1278 ἐκ
719 1223 770 1278 τῶν
785 1220 844 1276 δια-

85 1308 225 1362 λαθόντων
238 1295 388 1371 δεδιότες.ς
373 1329 406 1376 ην
419 1306 448 1363 δι’
461 1308 530 1364 πολύ
549 1329 595 1363 και
585 1307 642 1363 τό
655 1308 722 1382 πρὸς
741 1305 843 1381 εχθραν

87 1391 136 1447 σὺν
163 1391 301 1465 προφάσει
328 1387 454 1466 εὐπρεπεῖ
480 1389 701 1464 ἀπελαυνόμενον
723 1390 826 1447 ὑπό
792 1411 842 1445 των

85 1471 276 1582 διαφόρων.
256 1496 320 1530 ωσιε
333 1476 471 1533 πολλαὶαῖ
495 1477 724 1542 ἐπαναστάσεις’
711 1477 841 1551 εμίνοντο,

85 1559 129 1614 καὶ
142 1564 187 1615 ἐπι
177 1560 364 1617 amator*
330 1581 413 1633 μηςτο
405 1559 840 1664 Πελασγικάνμὲνοςδιεφορήθη

145 1641 240 1702 XXV.
257 1632 344 1701 Ησαν
359 1646 387 1701 δι’
406 1668 439 1701 τα
432 1647 576 1719 πολέμια,
594 1650 622 1701 ἐκ
637 1647 685 1702 τοῦ
698 1647 765 1718 μετά
779 1665 841 1700 ιιιν-

84 1728 170 1784 δόνοιν
182 1732 325 1786 ποιεῖσθαι
344 1734 391 1796 τάς
402 1732 550 1802 μελέτας’
538 1752 565 1786 ιν
578 1730 670 1786 εθνεσι
696 1731 841 1801 ‹pazanan-

83 1834 142 1885 μοις
155 1814 255 1880 ζῶντες,
269 1813 514 1889 πολλῶνάμείνους,
529 1815 575 1871 καὶ
588 1818 634 1884 τῆς
647 1815 717 1869 κατά
729 1818 763 1870 τά
778 1833 841 1870 ναυ·

84 1898 143 1952 τικά
156 1897 301 1971 ἐπιστήμης
327 1899 372 1955 διά
396 1901 444 1968 τήν
469 1902 535 1972 μετά
557 1901 701 1974 Τυρρηνῶν
728 1901 843 1969 οἴκησιν,

84 1984 252 2037 ἐπιπλεῖστον
266 1980 492 2048 ἀπολελαυκότες·
517 2006 533 2037 τ
527 1983 651 2060 ,άνάμιιη
666 1981 746 2052 ἷκανη
773 2002 843 2039 ουσα

84 2069 141 2130 τοῖς
156 2063 351 2142 ἀπορουμένοις
363 2071 427 2143 βίου
441 2070 542 2140 τόλμαν
555 2072 712 2143 παρασχεῖν,
739 2064 843 2141 ἡγεμὼν

84 2150 130 2205 καὶ
157 2149 318 2216 διδάσκαλος
343 2174 392 2208 του
376 2156 508 2219 ’παντὸς
521 2152 729 2224 κινδυνεύματος
748 2149 843 2217 αὐτοῖς

83 2236 198 2309 ἐγένετο·
213 2229 278 2290 ὥστε
293 2232 325 2292 06
345 2235 493 2307 χαλεπῶς
479 2259 543 2294 σποι
560 2241 701 2295 ἐπέλθοιεν
726 2240 843 2312 ἐπεκρά-

84 2340 159 2376 τουν.
186 2322 330 2377 ἐκαλοῦντο
345 2322 373 2377 δὲ
388 2321 488 2380 ὑπό
455 2345 505 2379 των
518 2317 604 2379 άλλοιν
618 2320 782 2398 ἀνθρώπων,
796 2327 843 2394 τῆς

82 2424 110 2458 τι
120 2404 208 2480 χώρας
221 2401 384 2476 ἐπινλὴσει’
366 2401 415 2479 αφ’
429 2429 459 2477 ης
470 2409 654 2479 ἐξανέστησαν,
669 2405 715 2463 καὶ
728 2409 777 2464 τοῦ
791 2427 843 2464 πα-

83 2491 161 2544 λαιου
155 2494 267 2589 ινγένους
275 2513 374 2567 μνημη,
389 2491 417 2547 οἵ
428 2488 508 2550 αάτολ
525 2491 661 2567 Τυρρηνοὶ
673 2514 721 2548 ναι
711 2490 841 2549 Πελασ-

76 2575 133 2638 μοι’
148 2560 186 2628 ὧν
197 2574 251 2647 ἐμά
260 2576 344 2650 λόγον
353 2578 538 2654 ἐποιησάμην,
559 2580 608 2634 τοῖι
622 2578 733 2653 μήτινα
746 2578 848 2650 θαυρα
