1890 2970
120 122 154 178 44
240 117 397 171 DIONYSII
406 114 746 169 HALICARNASSENSIS

121 228 171 277 τῶν
183 227 311 291 τελευτάς,
320 223 367 280 ἵνα
375 223 486 298 χρηστοί
498 224 626 279 καλῶνται
640 223 733 296 νεκροὶ,
750 221 796 277 καὶ
811 229 880 280 πολ·

120 308 162 363 λοὶ
173 312 231 373 ταῖς
244 309 344 373 κλίναις
357 302 444 364 αὐτῶν
462 308 674 380 ἐκκομιζομέναις
696 310 875 380 παρακολου-

46 398 60 404 “
120 394 193 448 θῶσι
205 393 268 456 τούς
281 394 375 457 πίλους
386 390 431 447 ἐπὶ
444 394 502 456 ταῖς
515 393 644 463 κεφαλαῖς
657 389 769 460 ἔχοντες·
791 395 821 447 ἐν
834 387 875 460 οἷς

120 477 271 548 ἐπόμπευόν
284 497 356 542 τινες,
371 474 405 539 ὧς
417 465 530 549 ἧνπαρά
543 477 594 529 τῶν
600 476 777 546 ἐπισταμένων
790 471 875 531 οἰκοδ-

121 581 168 625 m,
195 565 223 615 ἐκ
246 561 296 615 τῶν
315 558 497 631 δεσμωτηρίων
521 560 701 628 ἐξεληλυθότες
725 561 875 635 κακοῦργοι

122 643 230 716 άρτίως,
243 643 345 717 μυρίων
358 637 420 706 ἄξια
434 642 663 716 διαπεπραγμένοι
674 644 813 700 θανάτων.
837 643 875 708 εἷς

122 726 233 790 τούτους
245 728 336 797 μέντοι
348 725 411 790 τοὺς
422 725 658 801 δυσεκκαθάρτους
671 727 781 791 σπίλους
793 730 876 797 ίκτῆς

122 811 219 874 πόλεως
232 806 428 883 ἀποβλέποντες
441 809 468 866 οῖ
485 809 579 866 πολλοὶ
599 811 810 884 δυσχεραίνουσι,
827 813 875 868 καί

123 893 319 967 προβέβληνται
330 895 362 949 τί
374 892 446 959 ἔθος,
461 891 496 957 ὥς
509 889 541 950 οδ
554 896 656 968 πρέπον
667 890 812 968 ἡγεμονικῇ
824 897 875 950 πά-

122 979 168 1042 λει,
183 976 230 1032 ναὶ
242 979 340 1042 παντὸς
352 972 657 1053 ἅρχιινάξιοάσητάπου,
668 977 805 1042 τοιούτους
818 999 874 1034 πο-

122 1062 195 1123 λίτας
207 1064 357 1118 ποιεῖσθαι.
370 1060 426 1130 ἔχοι
440 1056 462 1116 δ’
480 1057 514 1117 άν
526 1082 566 1125 τις
578 1063 663 1117 πολλά
675 1060 722 1118 καί
734 1055 802 1117 ἄλλα
816 1061 877 1117 δια-

123 1144 230 1218 βάλλειν
243 1143 304 1215 ἔθη,
323 1147 407 1209 καλῶς
424 1145 473 1217 μὲν
491 1143 544 1202 ὕπο
561 1147 613 1200 τῶν
632 1143 748 1232 άρχαίων
768 1149 874 1215 ἐπινοη

123 1229 217 1295 θέντα,
233 1230 318 1293 κακοῖς
331 1225 355 1285 δ’
376 1227 475 1285 ὖπδ”
439 1249 492 1284 των
504 1230 553 1286 νῦν
565 1224 761 1331 ἐπιτριβόμενα.
782 1230 834 1304 ἐγὼ
846 1230 876 1285 δε

123 1312 170 1366 τόν
183 1308 313 1386 νόμον’
280 1334 330 1370 ουκ
344 1314 437 1383 οῖόμοιι
449 1316 547 1371 τοῦτον
565 1310 663 1368 δεῖν’
645 1317 773 1432 οινριιρεῖν,
798 1314 835 1385 μή
848 1335 877 1370 τι

124 1484 194 1536 σθαι
206 1484 296 1552 μέντοι
308 1502 379 1554 φημι
368 1479 447 1536 δεῖν
459 1483 493 1536 τά
513 1481 622 1547 δυνατά,
636 1479 683 1537 καὶ
693 1501 731 1553 μη
749 1481 879 1558 περιορρῖν

125 1561 213 1635 ὀνείδη
225 1567 327 1640 μεγάλα
344 1564 390 1622 καί
409 1564 510 1640 (λίπους
527 1565 762 1642 δυσεκκαθάρτους
780 1561 816 1629 εἰς
828 1568 879 1635 την

107 1650 260 1709 ,πολιτείαν
274 1647 469 1725 εἰσαγομένους.
483 1648 529 1705 καὶ
541 1650 656 1723 μάλιστα
665 1649 715 1724 μὲν
727 1649 790 1714 τοδς
801 1667 879 1723 τιμη-

125 1735 172 1796 τάς
185 1730 326 1807 ἀξιώσαιμι
338 1730 373 1791 &r
391 1732 490 1789 τούτου
508 1736 558 1789 τοῦ
575 1735 673 1807 μέρους
691 1735 833 1807 προνοεῖν·
854 1732 880 1789 εῖ

126 1814 154 1869 δὲ
166 1817 211 1886 μὴ,
225 1817 287 1880 τοὺς
307 1815 439 1882 ὑπάτους·
464 1817 504 1873 δεῖ
514 1819 567 1892 γάρ
580 1815 661 1892 ἀρχῆς
672 1836 743 1880 τινος
754 1816 880 1892 μεγάλης·

125 1896 154 1953 οῖ
165 1899 226 1962 τούς
234 1895 300 1954 καθ’
307 1896 420 1956 ἕκαστον
430 1901 881 1978 ίνιαυτδνἐλευθέρουςμινομίνσυς

123 1982 269 2046 ἕξετάσωσι,
283 1985 349 2048 τίνες
363 1981 442 2050 ὄντες,
458 1984 503 2040 καί
512 1983 557 2040 διά
570 1987 604 2054 τί,
629 1984 741 2049 καὶπῶς
759 1983 881 2056 ἠλευθε-

123 2063 266 2138 ρώθησαν·
293 2061 380 2142 ὥσπερ
404 2068 468 2132 τοδς
485 2070 537 2124 τοῖν
562 2068 663 2125 ἱππίων
680 2067 726 2126 καί
743 2069 806 2132 τοδς
825 2072 880 2125 τῶν
924 2112 935 2129 ,.

124 2148 276 2220 βουλευτῶν
288 2150 365 2224 βίους
376 2153 552 2220 ἐξετάζουσιν·
567 2148 654 2210 ἔπειθ’
668 2147 714 2219 οὓς
725 2153 774 2223 μίν
787 2149 821 2206 άν
834 2150 880 2208 εὖ·
921 2175 924 2180 ’

127 2253 207 2305 ρωσιν
226 2230 315 2301 άξίους
332 2238 378 2305 τῆς
395 2237 493 2300 πόλεως
516 2234 610 2302 ὄντας,
631 2233 666 2300 τῖς
684 2238 771 2308 φυλάς
788 2257 880 2293 κατοι-

125 2320 258 2391 γράψωοι,
273 2318 319 2374 καὶ
334 2320 422 2391 μίνειν
447 2317 586 2391 άφὴσωσιν
598 2324 627 2376 ίν
644 2321 678 2396 τῇ
696 2323 784 2376 πόλει·
804 2322 836 2376 τό
850 2322 880 2378 δὲ
915 2336 919 2397 ᾗ

125 2404 223 2478 μιαρὸν
235 2422 280 2458 ναι
270 2399 453 2478 ἀκάθαρτον
466 2406 552 2475 φῦλον
564 2405 708 2479 ἐκβάλωσιν
720 2407 792 2459 ἐπ’
761 2424 806 2473 της
820 2408 879 2461 πό·
913 2456 916 2467 ,

126 2485 194 2551 λεως,
210 2481 470 2589 ιυπρεπίςόνοματρῖ
481 2489 616 2563 πράγματι
624 2490 721 2553 θεντες
736 2483 877 2545 άποικίαν.

126 2556 369 2642 ταῖναμὲνουνιης
382 2567 746 2640 υαοθὲσεωςοἶνιαιτοίσης,3
729 2576 878 2642 ιιναμκαῖόν
