1890 2970
173 134 450 206 ANTIQVITATVM
469 135 604 189 ROMAN.
626 137 691 190 LIB.
708 140 755 191 ΠΙ.
805 144 855 202 337

89 240 232 317 ίσύμαχοι·
246 247 334 321 χρόνῳ
349 240 373 300 δ’
386 240 497 320 ὕστερον
509 243 674 327 ἐμπεσούσης
689 243 853 323 οῗμφοτέροις

88 333 118 386 ἐκ
143 330 196 384 τῶν
220 329 350 386 τοιούτων
377 328 532 405 ἁψιμαχιῶν
550 331 722 401 φιλονεικίας,
742 333 852 404 ἐπιβοη-

88 415 205 478 θοῦντες
218 416 340 490 ίκοίτεροι
351 419 408 482 τοῖς
433 418 577 490 σφετέροις,
601 411 687 489 ύλίμοι
706 416 755 476 μὲν
782 419 852 491 πρῶ-

89 520 146 566 τον,
161 498 251 569 ἔπειτα
265 501 418 573 σύμπαντες
431 498 648 576 ἠναγκάσθησαν
661 503 690 555 ἐκ
706 502 758 556 τῶν
771 522 852 574 στρα-

88 583 209 641 τοπέδων
222 589 376 661 προελθεῖν.
410 585 456 641 καί
468 586 644 649 καταστάντες
658 581 694 651 εἷς
704 587 793 657 μοίχην
806 581 852 641 ἅν.

89 669 156 742 δρες,
171 664 234 725 σύτο
247 673 396 742 πολεμικῶν
414 669 524 744 οἷμώνων
543 667 669 744 οίτριβεῖς,
697 667 760 726 ούτι
786 672 850 741 πλὴ-

86 758 135 810 θει
147 755 223 810 πολύ·
232 753 392 820 ἀποδέοντες
407 753 531 825 οἷλληλων,
559 757 634 822 πεζοί
653 755 740 811 τεκαὶ
753 754 850 824 ἱππεῖς,

87 841 235 914 προθυμία
249 861 276 896 τε
289 840 441 916 ὡρμημένοι
455 842 521 916 πρὸς
540 842 587 896 τὸν
612 841 729 913 πόλεμον
756 841 846 916 ὁμοίᾳ,

85 923 131 979 ιιαί
145 925 276 980 κινδύνων
289 929 337 981 τὸν
350 925 462 996 ἔσχατον
482 923 655 999 οἶναῤῥιπτεῖν
679 927 845 996 νομίσαντες,

83 1007 252 1082 ἠγωνίσαντο
276 1012 325 1081 μὲν
351 1008 502 1085 ἀμφότεροι
521 1011 605 1083 λόχου
630 1006 723 1090 ιίξίως·
750 1011 848 1086 διεκρί-
885 1017 888 1023 ’

84 1097 178 1163 θησαν
204 1095 232 1148 δέ
257 1091 304 1150 ἄπ’
332 1092 450 1165 οἷλλὴλων
476 1091 609 1165 ἰσόμαχοι,
634 1097 730 1159 νυκτὸς
749 1099 845 1153 ίπιλα-

84 1177 195 1253 βούσης.
221 1175 237 1248 ἡ
261 1182 352 1252 μέντοι
378 1183 444 1251 μετιί
470 1181 516 1234 τὸν
535 1176 627 1253 ἆχύνα
652 1179 760 1236 διάνοια
786 1187 845 1238 ἑκα-

83 1264 166 1337 τέρων
181 1259 229 1333 οὐχ
243 1263 325 1336 ύμοία
342 1268 470 1338 γινομένη
489 1266 623 1339 φανερούς
647 1265 757 1336 ἐποίησε
783 1269 845 1331 τούς

83 1351 204 1421 κρεῖττον
216 1347 434 1423 ἀγωνισαμένους
446 1353 498 1404 τῶν
510 1349 618 1423 ἑτέρων·
651 1349 683 1423 τῇ
707 1354 761 1426 μοίρ
787 1356 844 1422 ἑξῆς

82 1428 168 1506 ἡμέρᾳ
186 1437 304 1489 Λατῖνοι
321 1435 370 1508 μέν
385 1430 433 1490 οἰκ
448 1433 486 1489 ἔτι
499 1429 637 1509 προῄεσαν
649 1437 677 1488 ἐκ
691 1437 740 1490 τού
751 1438 841 1511 χοίρα-

81 1536 142 1582 κος·
170 1518 187 1572 ὅ
211 1517 239 1572 δὲ
261 1514 397 1591 Ῥωμαίων
409 1520 536 1591 βασιλεὺς
549 1518 685 1593 ἐξαγαγὼν
695 1522 741 1584 τοὶς
756 1520 839 1575 δυνά-

79 1622 138 1675 μεις
152 1598 187 1666 τίς
199 1604 230 1657 τὸ
244 1603 346 1670 πεδίον,
361 1602 465 1675 ἕτοιμος
477 1593 511 1673 ἦν
524 1606 615 1678 ἑτέραν
627 1607 770 1660 ποιεῖσθαι
787 1607 839 1677 μοί-

79 1709 137 1756 χην,
146 1687 192 1742 καὶ
205 1688 546 1760 μέχριπολλούκατεῖχενέν
560 1690 628 1752 τοίξει
641 1688 688 1756 τήν
700 1692 838 1764 φιίλαχμα.

80 1769 115 1835 ὧς
130 1767 152 1826 δ’
161 1768 211 1828 ούκ
218 1770 411 1851 φίντεπεξῄεοαν
419 1773 582 1847 οἱπολέμιοι,
591 1772 739 1838 σκυλεύσας
749 1771 838 1830 αὐτῶν

79 1857 310 1933 τούςνεκρούςκαί
317 1856 642 1930 τούςίδίουςιίνελόμενος,
650 1859 794 1934 σύνπολλῷ
803 1862 839 1915 τοί

79 1937 214 2013 αύχήματι
223 1940 309 2016 ιίπῆχε
316 1946 498 2017 τὴνοτρατιιίν
508 1944 552 2000 ἐπί
558 1947 604 2000 τὸν
611 1947 709 2000 ἑαυτοῦ
720 1948 836 2021 χάρακα.

144 2025 219 2083 LIII.
243 2032 308 2094 Ταῖς
329 2025 399 2084 δ”
373 2033 429 2097 εςῆς
453 2024 563 2102 ημέραις
593 2026 756 2101 οἷφικομένης
782 2052 837 2094 τοις

77 2111 232 2175 Λατίνοις’
222 2115 311 2184 ετέρας
324 2114 399 2187 παροί
416 2112 560 2190 Τυρῤηνῶν
574 2118 732 2187 συμμαχίας,
750 2114 834 2170 δεύτε-

76 2217 124 2272 ρος
137 2193 210 2269 ιίχὼν
221 2197 324 2270 γίνεται
336 2199 406 2254 πολύ
419 2199 511 2270 μείζων
524 2200 574 2252 τού
587 2199 728 2273 προτέρου,
755 2201 782 2261 ἐξ
802 2186 834 2254 οἶ

78 2283 165 2380 νίκην
171 2277 322 2354 ἀναιρεῖται
339 2283 463 2356 βασιλεύς
483 2283 633 2357 Ταρκύνιος
657 2286 834 2353 ἐπιφανεστά-

75 2387 133 2436 την,
148 2387 178 2434 ης
192 2361 272 2430 αύτός
286 2369 372 2430 αίτιος
384 2365 572 2473 ὧμολομιῖτο“
560 2369 613 2423 υπὸ
632 2369 738 2423 πάντων
762 2387 832 2443 μεμε·

75 2454 189 2521 νῆσθαι.
216 2451 370 2554 καμνούσης
382 2455 435 2528 χάρ
449 2447 545 2522 ηδη
515 2473 559 2523 της
570 2447 718 2525 Ῥωμαϊκῆς
730 2455 832 2528 φοίλοιχ-

75 2557 123 2611 χος
135 2534 182 2592 καὶ
194 2557 263 2593 κατα
256 2539 308 2593 τύ
324 2535 505 2612 ἄριστερύν
476 2559 553 2614 κτρας
566 2539 847 2620 παραύρηγνυιιὲνης

72 2619 541 2697 καθοίντόμφνόμενονίλοίττωμα
560 2627 627 2712 περὶ
654 2629 723 2700 τούς
755 2629 861 2701 σφετέ-

88 2696 200 2741 Ιίιοιγσ,
216 2697 243 2745 Τ.
253 2701 278 2747 Ι,
651 2718 680 2772 Y
